Date,res_id,meal_id,Price ($),discount
2018-09-10T21:06:27Z,1,26830,50,0
2018-09-10T21:06:27Z,2,54253,50,0
2018-09-10T21:06:27Z,3,31962,50,0
2018-09-10T21:06:16Z,4,33647,50,0
2018-09-10T21:06:16Z,5,48199,50,0
2018-09-10T21:06:16Z,6,57397,50,0
2018-09-10T21:06:16Z,7,12424,50,0
2018-09-10T21:06:16Z,8,14930,50,0
2018-09-10T21:06:16Z,9,16657,50,0
2018-09-10T21:06:09Z,10,10537,50,0
2018-09-10T21:06:09Z,11,19560,50,0
2018-09-10T21:06:09Z,12,21653,50,0
2018-09-10T21:06:09Z,13,32083,50,0
2018-09-10T21:06:09Z,14,10423,50,0
2018-09-10T21:06:09Z,15,10565,50,0
2018-09-10T21:05:27Z,16,17035,50,0
2018-09-10T21:05:27Z,17,27801,50,0
2018-09-10T21:05:27Z,18,30645,50,0
2018-09-10T21:05:27Z,19,30832,50,0
2018-09-10T21:05:27Z,20,34047,56.25,0
2018-09-10T21:03:17Z,21,34139,65.25,0
2018-09-10T21:03:05Z,22,45502,55.5,0
2018-09-10T21:02:30Z,23,46101,55.5,0
2018-09-10T21:02:30Z,24,51615,55.5,0
2018-09-10T21:02:30Z,25,4408,55.5,0
2018-09-10T21:02:30Z,26,5454,50,0
2018-09-10T21:02:24Z,27,5797,50,0
2018-09-10T21:02:24Z,28,5865,50,0
2018-09-10T21:02:11Z,29,7200,50,0
2018-09-10T21:02:11Z,30,9198,50,0
2018-09-10T21:02:11Z,31,9532,50,0
2018-09-10T21:02:11Z,32,9802,50,0
2018-09-10T21:02:11Z,33,10046,50,0
2018-09-10T21:02:11Z,34,12065,50,0
2018-09-10T21:02:11Z,35,12456,50,0
2018-09-10T21:02:11Z,36,12706,50,0
2018-09-10T21:02:11Z,37,13174,50,0
2018-09-10T21:02:11Z,38,14609,50,0
2018-09-10T21:02:11Z,39,15351,50,0
2018-09-10T21:02:11Z,40,15882,50,0
2018-09-10T21:02:11Z,41,17045,7,0
2018-09-10T21:02:11Z,42,17234,6,0
2018-09-10T21:02:11Z,43,17562,7,0
2018-09-10T21:02:11Z,44,19522,6,0
2018-09-10T21:02:11Z,45,21598,6,0
2018-09-10T21:02:11Z,46,22274,7,0
2018-09-10T21:02:11Z,47,24270,7,0
2018-09-10T21:02:11Z,48,25123,7.275,0
2018-09-10T21:02:11Z,49,25312,6.775,0
2018-09-10T21:02:11Z,50,26066,7.175,0
2018-09-10T21:02:11Z,51,27186,6.975,0
2018-09-10T21:02:11Z,52,28289,6.225,0
2018-09-10T21:02:11Z,53,31235,6.05,0
2018-09-10T21:02:11Z,54,31479,6.8375,0
2018-09-10T21:02:11Z,55,32635,8.625,0
2018-09-10T21:02:11Z,56,33073,8.985,0
2018-09-10T21:02:11Z,57,33515,7.6244,0
2018-09-10T21:02:11Z,58,34395,9.4,0
2018-09-10T21:02:11Z,59,34465,10.25,0
2018-09-10T21:02:10Z,60,35645,11.75,0
2018-09-10T21:02:10Z,61,36076,9.7561,0
2018-09-10T21:02:10Z,62,36568,11.4,0
2018-09-10T21:02:10Z,63,45148,11.1275,0
2018-09-10T21:02:10Z,64,45502,11.2,0
2018-09-10T21:02:10Z,65,53517,11.4,0
2018-09-10T21:02:10Z,66,55859,11.4,0
2018-09-10T21:02:10Z,67,57341,11.4,0
2018-09-10T21:02:10Z,68,58267,11.4,0
2018-09-10T21:02:10Z,69,4642,11.4,0
2018-09-10T21:02:10Z,70,5566,11.435,0
2018-09-10T21:02:10Z,71,9309,11.4225,0
2018-09-10T21:02:10Z,72,9645,11.24,0
2018-09-10T21:02:10Z,73,12433,11.55,0
2018-09-10T21:02:10Z,74,12543,11.995,0
2018-09-10T21:02:10Z,75,13174,12.175,0
2018-09-10T21:01:02Z,76,14473,12.73,0
2018-09-10T21:01:02Z,77,16679,13.625,0
2018-09-10T21:01:02Z,78,17488,12.75,0
2018-09-10T21:01:02Z,79,21653,14.125,0
2018-09-10T21:00:38Z,80,23922,13.25,0
2018-09-06T04:37:44Z,81,26830,13.625,0
2018-09-06T04:37:44Z,82,27435,13.375,0
2018-09-06T04:37:44Z,83,33084,12.95,0
2018-09-06T04:37:44Z,84,47317,13,0
2018-09-06T04:37:44Z,85,48427,13.75,0
2018-09-06T04:37:44Z,86,48995,14,0
2018-09-06T04:37:44Z,87,53534,14.3333,0
2018-09-06T04:37:44Z,88,54303,15,0
2018-09-06T04:37:44Z,89,5525,15,0
2018-09-06T04:37:44Z,90,6497,15.25,0
2018-09-06T04:37:44Z,91,6588,16,0
2018-09-06T04:37:44Z,92,7005,16,0
2018-09-06T04:37:44Z,93,7364,17.25,0
2018-09-06T04:37:44Z,94,8145,23.375,0
2018-09-06T04:37:44Z,95,8261,25,0
2018-09-06T04:37:44Z,96,9790,24,0
2018-09-06T04:37:44Z,97,10151,20,0
2018-09-06T04:37:44Z,98,10763,18.35,0
2018-09-06T04:37:44Z,99,10789,17.8,0
2018-09-04T21:27:52Z,100,12795,20.85,0
2018-09-04T21:27:52Z,101,14172,24.775,0
2018-09-04T21:27:52Z,102,14849,24.3,0
2018-09-04T21:27:52Z,103,15076,25.7,0
2018-09-04T21:27:52Z,104,15581,37.275,0
2018-09-04T21:27:52Z,105,16381,44.4,0
2018-09-04T21:27:52Z,106,16796,33,0
2018-09-04T21:27:52Z,107,17771,34.775,0
2018-09-04T21:27:52Z,108,17861,34.95,0
2018-09-04T21:27:52Z,109,18036,35.7,0
2018-09-04T21:27:52Z,110,18291,32.3,0
2018-09-04T21:27:52Z,111,18511,27.975,0
2018-09-04T21:27:52Z,112,19539,27.11,0
2018-09-04T21:27:52Z,113,19583,25.885,0
2018-09-04T21:27:52Z,114,20697,22.85,0
2018-09-04T21:27:52Z,115,20717,21.225,0
2018-09-04T21:27:52Z,116,21008,21.2,0
2018-09-04T21:27:52Z,117,22243,20.875,0
2018-09-04T21:27:52Z,118,22619,20.7,0
2018-09-04T21:27:52Z,119,22930,17.035,0
2018-09-04T21:27:52Z,120,22956,17.14,0
2018-09-04T21:27:52Z,121,23417,17.2,0
2018-09-04T21:27:52Z,122,24649,17.14,0
2018-09-04T21:27:52Z,123,24651,17.14,0
2018-09-04T21:27:52Z,124,25234,16.06,0
2018-09-04T21:27:52Z,125,25971,14.825,0
2018-09-04T21:27:52Z,126,26125,14.6,0
2018-09-04T21:27:52Z,127,26184,14.5,0
2018-09-04T21:27:52Z,128,26787,14.325,0
2018-09-04T21:27:52Z,129,26830,14.3,0
2018-09-04T21:27:52Z,130,28739,13.9,0
2018-09-04T21:27:52Z,131,29667,13.9,0
2018-09-04T21:27:52Z,132,30275,15.2,0
2018-09-04T21:27:52Z,133,30518,17.2,0
2018-09-04T21:27:52Z,134,30979,17.2,0
2018-09-04T21:27:52Z,135,31215,17.2,0
2018-09-04T21:27:52Z,136,31267,18.6,0
2018-09-04T21:27:52Z,137,32240,18.6,0
2018-09-04T21:27:52Z,138,33284,18.6,0
2018-09-04T21:27:52Z,139,33761,18.6,0
2018-09-04T21:27:52Z,140,34783,19.65,0
2018-09-04T21:27:52Z,141,36459,24,0
2018-09-04T21:27:52Z,142,36464,22.325,0
2018-09-04T21:27:52Z,143,37035,23,0
2018-09-04T21:27:52Z,144,45277,23,0
2018-09-04T21:27:52Z,145,46639,21.25,0
2018-09-04T21:27:52Z,146,49216,21,0
2018-09-04T21:27:52Z,147,49399,21.75,0
2018-09-04T21:27:52Z,148,51951,22,0
2018-09-04T21:27:52Z,149,51977,22.075,0
2018-09-04T21:27:52Z,150,52051,22,0
2018-09-04T21:27:52Z,151,52079,21,0
2018-09-04T21:27:52Z,152,52419,18.5,0
2018-09-04T21:27:52Z,153,56035,18.5,0
2018-09-04T21:27:52Z,154,56511,18.2833,0
2018-09-04T21:27:52Z,155,58181,17,0
2018-09-04T21:27:52Z,156,58374,17,0
2018-09-04T21:27:52Z,157,8583,17.3333,0
2018-09-04T21:27:52Z,158,10050,19.05,0
2018-09-04T21:27:52Z,159,11078,20.7,0
2018-09-04T21:27:52Z,160,16628,20.7,0
2018-09-04T21:27:52Z,161,18291,21.4,0
2018-09-04T21:27:52Z,162,18854,21.4,0
2018-09-04T21:27:52Z,163,26047,21.55,0
2018-09-04T21:27:52Z,164,26170,22,0
2018-09-04T21:27:52Z,165,26747,23,0
2018-09-04T21:27:52Z,166,27564,19,0
2018-09-04T21:27:52Z,167,27921,19,0
2018-09-04T21:27:52Z,168,28939,19.25,0
2018-09-04T21:27:52Z,169,31062,20,0
2018-09-04T21:27:52Z,170,31176,20,0
2018-09-04T21:27:52Z,171,33013,20,0
2018-09-04T21:27:52Z,172,33608,20.75,0
2018-09-04T21:27:52Z,173,34307,21.9375,0
2018-09-04T21:27:52Z,174,34991,22,0
2018-09-04T21:27:52Z,175,52350,24.3,0
2018-09-04T21:27:52Z,176,5132,25.5,0
2018-09-04T21:27:52Z,177,8156,25,0
2018-09-04T21:27:52Z,178,14619,23,0
2018-09-04T21:27:52Z,179,14826,21.5,0
2018-09-04T21:27:52Z,180,15125,21,0
2018-09-04T21:27:52Z,181,16183,21.875,0
2018-09-04T21:27:52Z,182,20273,25,0
2018-09-04T21:27:52Z,183,21215,25,0
2018-09-04T21:27:52Z,184,23978,25,0
2018-09-04T21:27:52Z,185,24344,25,0
2018-09-04T21:27:52Z,186,26036,25,0
2018-09-04T21:27:52Z,187,29920,25,0
2018-09-04T21:27:52Z,188,30926,24.75,0
2018-09-04T21:27:52Z,189,33194,23,0
2018-09-04T21:27:52Z,190,33647,23,0
2018-09-04T21:27:52Z,191,47133,23,0
2018-09-04T21:27:52Z,192,47833,23.8,0
2018-09-04T21:27:52Z,193,48629,24,0
2018-09-04T21:27:52Z,194,49578,25,0
2018-09-04T21:27:52Z,195,52722,25.75,0
2018-09-04T21:27:52Z,196,52941,26.75,0
2018-09-04T21:27:52Z,197,9649,27,0
2018-09-04T21:27:52Z,198,10367,26,0
2018-09-04T21:27:52Z,199,29262,26,0
2018-09-04T21:27:52Z,200,30758,25.25,0
2018-09-04T21:27:52Z,201,32171,25,0
2018-09-04T21:27:52Z,202,5226,25.75,0
2018-09-04T21:27:52Z,203,9229,25,0
2018-09-04T21:27:52Z,204,16693,24.5,0
2018-09-04T21:27:52Z,205,17047,24.25,0
2018-09-04T21:27:52Z,206,21294,24.25,0
2018-09-04T21:27:52Z,207,29650,25.25,0
2018-09-04T21:27:52Z,208,33960,25,0
2018-09-04T21:27:52Z,209,45983,25,0
2018-09-04T21:27:52Z,210,46690,25,0
2018-09-04T21:27:52Z,211,50749,25,0
2018-09-04T21:27:52Z,212,51974,25,0
2018-09-04T21:27:52Z,213,56015,24.5,0
2018-09-04T21:27:52Z,214,4967,24,0
2018-09-04T21:27:52Z,215,13102,24,0
2018-09-04T21:27:52Z,216,15363,25.25,0
2018-09-04T21:27:52Z,217,19310,26,0
2018-09-04T21:27:52Z,218,21657,41.75,0
2018-09-04T21:27:52Z,219,22755,40.5,0
2018-09-04T21:27:52Z,220,22939,40,0
2018-09-04T21:27:52Z,221,26605,39,0
2018-09-04T21:27:52Z,222,30680,35.5,0
2018-09-04T21:27:52Z,223,32465,36.5,0
2018-09-04T21:27:52Z,224,33033,36.5,0
2018-09-04T21:27:52Z,225,33105,38.625,0
2018-09-04T21:27:52Z,226,34896,44.5,0
2018-09-04T21:27:52Z,227,36049,45.5,0
2018-09-04T21:27:52Z,228,45830,45,0
2018-09-04T21:27:52Z,229,46092,58.25,0
2018-09-04T21:27:52Z,230,47121,54.05,0
2018-09-04T21:27:52Z,231,58608,55.15,0
2018-09-04T21:27:52Z,232,6958,58.25,0
2018-09-04T21:27:52Z,233,5274,64,0
2018-09-04T21:27:52Z,234,5417,67.75,0
2018-09-04T21:27:52Z,235,5985,64,0
2018-09-04T21:27:52Z,236,15928,64,0
2018-09-04T21:27:52Z,237,16207,68.5,0
2018-09-04T21:27:52Z,238,20294,57.25,0
2018-09-04T21:27:52Z,239,21789,53.5,0
2018-09-04T21:27:52Z,240,29230,54,0
2018-09-04T21:27:52Z,241,29378,54,0
2018-09-04T21:27:52Z,242,32991,53.5,0
2018-09-04T21:27:52Z,243,33997,53.5,0
2018-09-04T21:27:52Z,244,34479,53.5,0
2018-09-04T21:27:52Z,245,36099,53.5,0
2018-09-04T21:27:52Z,246,50409,48.175,0
2018-09-04T21:27:52Z,247,19233,46.4,0
2018-09-04T21:27:52Z,248,23126,42.8,0
2018-09-04T21:27:52Z,249,28979,41.9,0
2018-09-04T21:27:52Z,250,47720,41.4,0
2018-09-04T21:27:52Z,251,49023,41.4,0
2018-09-04T21:27:52Z,252,56558,41.05,0
2018-09-04T21:27:52Z,253,16594,41.4,0
2018-09-04T21:27:52Z,254,32321,41.85,0
2018-09-04T21:27:52Z,255,48980,42,0
2018-09-04T21:27:52Z,256,7700,43.15,0
2018-09-04T21:27:52Z,257,22858,44.3,0
2018-09-04T21:27:52Z,258,23846,44.3,0
2018-09-04T21:27:52Z,259,28883,44.3,0
2018-09-04T21:27:52Z,260,29883,44.3,0
2018-09-04T21:27:52Z,261,8587,44.3,0
2018-09-04T21:27:52Z,262,8901,44.3,0
2018-09-04T21:27:52Z,263,9281,44.3,0
2018-09-04T21:27:52Z,264,9535,44.1,0
2018-09-04T21:27:52Z,265,9779,47.45,0
2018-09-04T21:27:52Z,266,10061,48.825,0
2018-09-04T21:27:52Z,267,12212,49,0
2018-09-04T21:27:52Z,268,12754,49,0
2018-09-04T21:27:51Z,269,13609,49,0
2018-09-04T21:27:51Z,270,14226,49,0
2018-09-04T21:27:51Z,271,14426,49,0
2018-09-04T21:27:51Z,272,15255,49,0
2018-09-04T21:27:51Z,273,15271,49,0
2018-09-04T21:27:51Z,274,15405,49,0
2018-09-04T21:27:51Z,275,15996,46,0
2018-09-04T21:27:51Z,276,17579,45,0
2018-09-04T21:27:51Z,277,18276,46.75,0
2018-09-04T21:27:51Z,278,20622,52,0
2018-09-04T21:27:51Z,279,21323,52,0
2018-09-04T21:27:51Z,280,21832,52.375,0
2018-09-04T21:27:51Z,281,24547,53.5,0
2018-09-04T21:27:51Z,282,25872,53.85,0
2018-09-04T21:27:51Z,283,26938,54.2,0
2018-09-04T21:27:51Z,284,28315,54.2,0
2018-09-04T21:27:51Z,285,28490,54.2,0
2018-09-04T21:27:51Z,286,29841,54.2,0
2018-09-04T21:27:51Z,287,31063,54.2,0
2018-09-04T21:27:51Z,288,31620,54.2,0
2018-09-04T21:27:51Z,289,32285,50.25,0
2018-09-04T21:27:51Z,290,32331,50,0
2018-09-04T21:27:51Z,291,32504,49,0
2018-09-04T21:27:51Z,292,32621,49,0
2018-09-04T21:27:51Z,293,33840,50.75,0
2018-09-04T21:27:51Z,294,34047,53,0
2018-09-04T21:27:51Z,295,34404,51.5,0
2018-09-04T21:27:51Z,296,36487,50,0
2018-09-04T21:27:51Z,297,36588,50,0
2018-09-04T21:27:51Z,298,37100,50,0
2018-09-04T21:27:51Z,299,45263,50,0
2018-09-04T21:27:51Z,300,45502,50.75,0
2018-09-04T21:27:51Z,301,47113,50,0
2018-09-04T21:27:51Z,302,52453,48.5,0
2018-09-04T21:27:51Z,303,53853,47,0
2018-09-04T21:27:51Z,304,57956,47,0
2018-09-04T21:27:51Z,305,58492,47.25,0
2018-09-04T21:27:51Z,306,59133,49,0
2018-09-04T21:27:51Z,307,10065,50,0
2018-09-04T21:27:51Z,308,31317,50,0
2018-09-04T21:27:51Z,309,32575,49,0
2018-09-04T21:27:51Z,310,36794,48,0
2018-09-04T21:27:51Z,311,50457,48,0
2018-09-04T21:27:51Z,312,53893,48,0
2018-09-04T21:27:51Z,313,56795,46,0
2018-09-04T21:27:51Z,314,59517,46,0
2018-09-04T21:27:51Z,315,13838,46,0
2018-09-04T21:27:51Z,316,20897,47.25,0
2018-09-04T21:27:51Z,317,23213,46,0
2018-09-04T21:27:51Z,318,24359,45,0
2018-09-04T21:27:51Z,319,26214,46.5,0
2018-09-04T21:27:51Z,320,31371,47,0
2018-09-04T21:27:51Z,321,32224,47,0
2018-09-04T21:27:51Z,322,32618,46.5,0
2018-09-04T21:27:51Z,323,33940,40.5,0
2018-09-04T21:27:51Z,324,34727,43,0
2018-09-04T21:27:51Z,325,45986,45,0
2018-09-04T21:27:51Z,326,46154,43.5,0
2018-09-04T21:27:51Z,327,46201,45,0
2018-09-04T21:27:51Z,328,46305,49.5,0
2018-09-04T21:27:51Z,329,56177,48,0
2018-09-04T21:27:51Z,330,6423,48.5,0
2018-09-04T21:27:51Z,331,14360,48,0
2018-09-04T21:27:51Z,332,23246,48.75,0
2018-09-04T21:27:51Z,333,31738,51,0
2018-09-04T21:27:51Z,334,7489,52,0
2018-09-04T21:27:51Z,335,9561,53.75,0
2018-09-04T21:27:51Z,336,10111,59,0
2018-09-04T21:27:51Z,337,15919,700,0
2018-09-04T21:27:51Z,338,7347,1000,0
2018-09-04T21:27:51Z,339,7404,1000,0
2018-09-04T21:27:51Z,340,7772,1000,0
2018-09-04T21:27:51Z,341,11873,1000,0
2018-09-04T21:27:51Z,342,22619,1000,0
2018-09-04T21:27:51Z,343,27133,925,0
2018-09-04T21:27:51Z,344,27904,700,0
2018-09-04T21:27:51Z,345,28900,700,0
2018-09-04T21:27:51Z,346,30402,800,0
2018-09-04T21:27:51Z,347,34047,800,0
2018-09-04T21:27:51Z,348,45768,800,0
2018-09-04T21:27:51Z,349,46274,800,0
2018-09-04T21:27:51Z,350,8292,800,0
2018-09-04T21:27:51Z,351,11764,800,0
2018-09-04T21:27:51Z,352,13174,700,0
2018-09-04T21:27:51Z,353,15637,600,0
2018-09-04T21:27:51Z,354,15770,600,0
2018-09-04T21:27:51Z,355,20805,600,0
2018-09-04T21:27:51Z,356,21819,600,0
2018-09-04T21:27:51Z,357,22186,600,0
2018-09-04T21:27:51Z,358,22280,600,0
2018-09-04T21:27:51Z,359,23007,700,0
2018-09-04T21:27:51Z,360,23901,750,0
2018-09-04T21:27:51Z,361,26059,700,0
2018-09-04T21:27:51Z,362,26878,700,0
2018-09-04T21:27:51Z,363,28744,700,0
2018-09-04T21:27:51Z,364,29474,700,0
2018-09-04T21:27:51Z,365,31513,650,0
2018-09-04T21:27:51Z,366,36487,575,0
2018-09-04T21:27:51Z,367,57334,500,0
2018-09-04T21:27:51Z,368,58737,600,0
2018-09-04T21:27:51Z,369,59330,600,0
2018-09-04T21:27:51Z,370,4534,750,0
2018-09-04T21:27:51Z,371,5577,850,0
2018-09-04T21:27:51Z,372,9664,975,0
2018-09-04T21:27:51Z,373,10209,1000,0
2018-09-04T21:27:51Z,374,14506,1625000,0
2018-09-04T21:27:51Z,375,15796,1476000,0
2018-09-04T21:27:50Z,376,17081,1800000,0
2018-09-04T21:27:50Z,377,20415,1700000,0
2018-09-04T21:27:50Z,378,24603,1300000,0
2018-09-04T21:27:50Z,379,24862,1275000,0
2018-09-04T21:27:50Z,380,29708,1240000,0
2018-09-04T21:27:50Z,381,31120,1175000,0
2018-09-04T21:27:50Z,382,32641,1880000,0
2018-09-04T21:27:50Z,383,34444,2400000,0
2018-09-04T21:27:50Z,384,50929,2950000,0
2018-09-04T21:27:50Z,385,52223,3250000,0
2018-09-04T21:27:50Z,386,58350,3300000,0
2018-09-04T21:27:50Z,387,12017,3050000,0
2018-09-04T21:27:50Z,388,13160,3000000,0
2018-09-04T21:27:50Z,389,13685,2420000,0
2018-09-04T21:27:50Z,390,14306,2500000,0
2018-09-04T21:27:50Z,391,16415,2500000,0
2018-09-04T21:27:50Z,392,20821,1925000,0
2018-09-04T21:27:50Z,393,21300,1650000,0
2018-09-04T21:27:50Z,394,29733,1500000,0
2018-09-04T21:27:49Z,395,31317,1750000,0
2018-09-04T21:27:49Z,396,31963,2500000,0
2018-09-04T21:27:49Z,397,33136,2500000,0
2018-09-04T21:27:49Z,398,33822,2500000,0
2018-09-04T21:27:48Z,399,48861,2500000,0
2018-09-04T21:27:48Z,400,5372,2875000,0
2018-09-04T21:27:48Z,401,5798,3000000,0
2018-09-04T21:27:48Z,402,8613,3300000,0
2018-09-04T21:27:48Z,403,9063,3500000,0
2018-09-04T21:27:48Z,404,11564,5833333,0
2018-09-04T21:27:48Z,405,13174,5500000,0
2018-09-04T21:27:48Z,406,16422,50000,0
2018-09-04T21:27:48Z,407,17503,49000,0
2018-09-04T21:27:48Z,408,17848,44625,0
2018-09-04T21:27:48Z,409,18118,59800,0
2018-09-04T21:27:48Z,410,21338,62500,0
2018-09-04T21:27:48Z,411,21813,53000,0
2018-09-04T21:27:48Z,412,24260,59583.25,0
2018-09-04T21:27:48Z,413,26735,85657.75,0
2018-09-04T21:27:48Z,414,28047,147263,0
2018-09-04T21:27:48Z,415,29502,109027.25,0
2018-09-04T21:27:48Z,416,29941,93500,0
2018-09-04T21:27:48Z,417,30130,79500,0
2018-09-04T21:27:48Z,418,31095,97500,0
2018-09-04T21:27:48Z,419,32869,77500,0
2018-09-04T21:27:48Z,420,32969,81565.4,0
2018-09-04T21:27:48Z,421,33997,57125,0
2018-09-04T21:27:48Z,422,34764,56907.75,0
2018-09-04T21:27:48Z,423,36486,59000,0
2018-09-04T21:27:48Z,424,45271,57439.75,0
2018-09-04T21:27:48Z,425,46016,56375,0
2018-09-04T21:27:48Z,426,46208,54375,0
2018-09-04T21:27:48Z,427,46632,46250,0
2018-09-04T21:27:48Z,428,50827,31500,0
2018-09-04T21:27:48Z,429,58350,28684,0
2018-09-04T21:27:48Z,430,10123,22105,0
2018-09-04T21:27:48Z,431,14989,25375,0
2018-09-04T21:27:48Z,432,27466,20250,0
2018-09-04T21:27:48Z,433,30916,19550,0
2018-09-04T21:27:48Z,434,8220,22438,0
2018-09-04T21:27:48Z,435,22160,25000,0
2018-09-04T21:27:48Z,436,24547,27129,0
2018-09-04T21:27:48Z,437,35607,29229,0
2018-09-04T21:27:48Z,438,55859,43333,0
2018-09-04T21:27:48Z,439,9281,34066,0
2018-09-04T21:27:48Z,440,11995,18,0
2018-09-04T21:27:48Z,441,15645,17,0
2018-09-04T21:27:48Z,442,17279,20,0
2018-09-04T21:27:48Z,443,17442,20,0
2018-09-04T21:27:48Z,444,22160,16,0
2018-09-04T21:27:48Z,445,22391,16,0
2018-09-04T21:27:48Z,446,29370,16,0
2018-09-04T21:27:48Z,447,31648,15.25,0
2018-09-04T21:27:48Z,448,33420,15.5,0
2018-09-04T21:27:48Z,449,50648,16,0
2018-09-04T21:27:48Z,450,5025,18,0
2018-09-04T21:27:48Z,451,5413,18.5,0
2018-09-04T21:27:48Z,452,9535,17.75,0
2018-09-04T21:27:48Z,453,10560,17.5,0
2018-09-04T21:27:48Z,454,15220,17.25,0
2018-09-04T21:27:48Z,455,17633,18.125,0
2018-09-04T21:27:48Z,456,19927,17.6563,0
2018-09-04T21:27:48Z,457,20756,22,0
2018-09-04T21:27:48Z,458,23082,22.5,0
2018-09-04T21:27:48Z,459,23270,28,0
2018-09-04T21:27:48Z,460,25086,22.5391,0
2018-09-04T21:27:48Z,461,27309,27,0
2018-09-04T21:27:48Z,462,30354,27,0
2018-09-04T21:27:48Z,463,31444,27,0
2018-09-04T21:27:48Z,464,31968,53.25,0
2018-09-04T21:27:48Z,465,33234,63.25,0
2018-09-04T21:27:48Z,466,36571,63,0
2018-09-04T21:27:48Z,467,45527,64,0
2018-09-04T21:27:48Z,468,49011,65,0
2018-09-04T21:27:48Z,469,54303,64,0
2018-09-04T21:27:48Z,470,58350,61,0
2018-09-04T21:27:48Z,471,16827,53.25,0
2018-09-04T21:27:48Z,472,26395,47.75,0
2018-09-04T21:27:48Z,473,5413,47.5,0
2018-09-04T21:27:48Z,474,10856,47,0
2018-09-04T21:27:48Z,475,15335,47.5,0
2018-09-04T21:27:48Z,476,30836,47,0
2018-09-04T21:27:48Z,477,34348,45.25,0
2018-09-04T21:27:48Z,478,37270,46.25,0
2018-09-04T21:27:48Z,479,45527,46,0
2018-09-04T21:27:48Z,480,45539,50,0
2018-09-04T21:27:48Z,481,48988,47.75,0
2018-09-04T21:27:48Z,482,51832,47.5,0
2018-09-04T21:27:48Z,483,59140,45,0
2018-09-04T21:27:48Z,484,59180,40.5,0
2018-09-04T21:27:48Z,485,17829,37,0
2018-09-04T21:27:48Z,486,22397,36,0
2018-09-04T21:27:48Z,487,49077,36,0
2018-09-04T21:27:48Z,488,13184,36.5,0
2018-09-04T21:27:48Z,489,32347,38.25,0
2018-09-04T21:27:48Z,490,5142,38,0
2018-09-04T21:27:48Z,491,8544,39.75,0
2018-09-04T21:27:48Z,492,9236,43,0
2018-09-04T21:27:48Z,493,9649,51.25,0
2018-09-04T21:27:48Z,494,14292,49,0
2018-09-04T21:27:48Z,495,23548,46.5,0
2018-09-04T21:27:48Z,496,30771,45,0
2018-09-04T21:27:48Z,497,36568,44,0
2018-09-04T21:27:48Z,498,46576,44,0
2018-09-04T21:27:48Z,499,52543,44,0
2018-09-04T21:27:48Z,500,53521,44,0
2018-09-04T21:27:48Z,501,56908,57.55,0
2018-09-04T21:27:48Z,502,22271,56.6,0
2018-09-04T21:27:48Z,503,27033,56.625,0
2018-09-04T21:27:48Z,504,48660,57,0
2018-09-04T21:27:48Z,505,4922,57.375,0
2018-09-04T21:27:48Z,506,7364,57.65,0
2018-09-04T21:27:48Z,507,17293,57.725,0
2018-09-04T21:27:48Z,508,18228,57.55,0
2018-09-04T21:27:48Z,509,19632,57.225,0
2018-09-04T21:27:48Z,510,19900,57.475,0
2018-09-04T21:27:48Z,511,21274,57.625,0
2018-09-04T21:27:48Z,512,21576,59.225,0
2018-09-04T21:27:48Z,513,21960,60.1,0
2018-09-04T21:27:48Z,514,24661,60.35,0
2018-09-04T21:27:48Z,515,34024,63.45,0
2018-09-04T21:27:48Z,516,53511,63.6,0
2018-09-04T21:27:48Z,517,9561,64.175,0
2018-09-04T21:27:48Z,518,10090,66.125,0
2018-09-04T21:27:48Z,519,12699,67.475,0
2018-09-04T21:27:48Z,520,12946,68.325,0
2018-09-04T21:27:48Z,521,21592,68.6125,0
2018-09-04T21:27:48Z,522,22330,68.275,0
2018-09-04T21:27:48Z,523,23049,68.175,0
2018-09-04T21:27:48Z,524,46274,68.375,0
2018-09-04T21:27:48Z,525,46752,68.65,0
2018-09-04T21:27:48Z,526,48626,68.35,0
2018-09-04T21:27:48Z,527,57837,66.85,0
2018-09-04T21:27:48Z,528,11917,67.4,0
2018-09-04T21:27:48Z,529,22778,65.65,0
2018-09-04T21:27:48Z,530,29433,66.4,0
2018-09-04T21:27:48Z,531,34773,66.55,0
2018-09-04T21:27:48Z,532,56601,66.575,0
2018-09-04T21:27:48Z,533,3717,66.95,0
2018-09-04T21:27:48Z,534,11903,67.625,0
2018-09-04T21:27:48Z,535,13195,67.175,0
2018-09-04T21:27:48Z,536,18458,67.55,0
2018-09-04T21:27:48Z,537,48955,67.85,0
2018-09-04T21:27:48Z,538,48994,150000,0
2018-09-04T21:27:48Z,539,53521,150000,0
2018-09-04T21:27:48Z,540,19203,116250,0
2018-09-04T21:27:48Z,541,47976,150000,0
2018-09-04T21:27:48Z,542,57893,150000,0
2018-09-04T21:27:48Z,543,4851,150000,0
2018-09-04T21:27:48Z,544,15637,150000,0
2018-09-04T21:27:48Z,545,28633,150000,0
2018-09-04T21:27:48Z,546,7859,150000,0
2018-09-04T21:27:48Z,547,24664,150000,0
2018-09-04T21:27:48Z,548,34688,150000,0
2018-09-04T21:27:48Z,549,36849,150000,0
2018-09-04T21:27:48Z,550,4643,150000,0
2018-09-04T21:27:48Z,551,5962,150000,0
2018-09-04T21:27:48Z,552,5983,150000,0
2018-09-04T21:27:48Z,553,6504,150000,0
2018-09-04T21:27:48Z,554,6619,150000,0
2018-09-04T21:27:48Z,555,10428,150000,0
2018-09-04T21:27:48Z,556,10903,150000,0
2018-09-04T21:27:48Z,557,12311,150000,0
2018-09-04T21:27:48Z,558,12543,150000,0
2018-09-04T21:27:48Z,559,12889,150000,0
2018-09-04T21:27:48Z,560,17309,112500,0
2018-09-04T21:27:48Z,561,17495,95000,0
2018-09-04T21:27:48Z,562,18402,100000,0
2018-09-04T21:27:48Z,563,19998,100000,0
2018-09-04T21:27:48Z,564,20756,100000,0
2018-09-04T21:27:48Z,565,22506,100000,0
2018-09-04T21:27:48Z,566,22872,100000,0
2018-09-04T21:27:48Z,567,23692,125000,0
2018-09-04T21:27:48Z,568,25643,150000,0
2018-09-04T21:27:48Z,569,27362,150000,0
2018-09-04T21:27:48Z,570,30870,150000,0
2018-09-04T21:27:48Z,571,32616,185000,0
2018-09-04T21:27:48Z,572,33495,180000,0
2018-09-04T21:27:48Z,573,34047,200000,0
2018-09-04T21:27:48Z,574,35533,250,0
2018-09-04T21:27:48Z,575,48635,300,0
2018-09-04T21:27:48Z,576,49721,300,0
2018-09-04T21:27:48Z,577,57837,300,0
2018-09-04T21:27:48Z,578,28761,300,0
2018-09-04T21:27:48Z,579,35193,300,0
2018-09-04T21:27:48Z,580,36477,295,0
2018-09-04T21:27:48Z,581,58729,250,0
2018-09-04T21:27:48Z,582,27006,250,0
2018-09-04T21:27:48Z,583,31562,300,0
2018-09-04T21:27:48Z,584,7923,300,0
2018-09-04T21:27:48Z,585,9294,300,0
2018-09-04T21:27:48Z,586,9952,300,0
2018-09-04T21:27:48Z,587,12098,300,0
2018-09-04T21:27:48Z,588,12748,300,0
2018-09-04T21:27:48Z,589,13381,288,0
2018-09-04T21:27:48Z,590,14149,250,0
2018-09-04T21:27:48Z,591,14360,275,0
2018-09-04T21:27:48Z,592,14629,300,0
2018-09-04T21:27:48Z,593,23691,262.5,0
2018-09-04T21:27:48Z,594,34391,212.5,0
2018-09-04T21:27:48Z,595,10132,225,0
2018-09-04T21:27:48Z,596,17483,300,0
2018-09-04T21:27:48Z,597,19006,300,0
2018-09-04T21:27:48Z,598,21697,300,0
2018-09-04T21:27:48Z,599,22084,300,0
2018-09-04T21:27:48Z,600,27054,300,0
2018-09-04T21:27:48Z,601,33182,300,0
2018-09-04T21:27:48Z,602,33187,275,0
2018-09-04T21:27:48Z,603,34047,250,0
2018-09-04T21:27:48Z,604,34110,250,0
2018-09-04T21:27:48Z,605,48993,250,0
2018-09-04T21:27:48Z,606,49035,250,0
2018-09-04T21:27:48Z,607,49044,287.5,0
2018-09-04T21:27:48Z,608,9281,300,0
2018-09-04T21:27:48Z,609,57280,337.5,0
2018-09-04T21:27:48Z,610,15503,350,0
2018-09-04T21:27:48Z,611,18869,45.3375,0
2018-09-04T21:27:48Z,612,45502,45.45,0
2018-09-04T21:27:48Z,613,13152,46.6125,0
2018-09-04T21:27:48Z,614,22272,50,0
2018-09-04T21:27:48Z,615,23882,52.8,0
2018-09-04T21:27:48Z,616,24306,55.6,0
2018-09-04T21:27:48Z,617,48369,55.6,0
2018-09-04T21:27:48Z,618,53094,55.6,0
2018-09-04T21:27:48Z,619,56795,55.6,0
2018-09-04T21:27:48Z,620,58576,55.6,0
2018-09-04T21:27:48Z,621,58726,55.6,0
2018-09-04T21:27:48Z,622,58759,55.6,0
2018-09-04T21:27:48Z,623,12788,55.6,0
2018-09-04T21:27:48Z,624,17233,55.6,0
2018-09-04T21:27:48Z,625,19066,55.6,0
2018-09-04T21:27:48Z,626,33739,55.6,0
2018-09-04T21:27:48Z,627,21969,55.6,0
2018-09-04T21:27:48Z,628,23613,50,0
2018-09-04T21:27:48Z,629,5922,50,0
2018-09-04T21:27:48Z,630,6088,50,0
2018-09-04T21:27:48Z,631,7482,50,0
2018-09-04T21:27:48Z,632,9792,50,0
2018-09-04T21:27:48Z,633,9829,50,0
2018-09-04T21:27:48Z,634,10547,50,0
2018-09-04T21:27:47Z,635,11642,50,0
2018-09-04T21:27:47Z,636,11743,50,0
2018-09-04T21:27:44Z,637,13859,50,0
2018-09-04T21:27:44Z,638,14585,50,0
2018-09-04T21:27:44Z,639,19632,50,0
2018-09-04T21:27:44Z,640,21651,50,0
2018-09-04T21:27:44Z,641,31023,50,0
2018-09-04T21:27:44Z,642,31593,50,0
2018-09-04T21:27:44Z,643,33688,50,0
2018-09-04T21:27:44Z,644,34197,50,0
2018-09-04T21:27:44Z,645,34482,50,0
2018-09-04T21:27:44Z,646,34746,50,0
2018-09-04T21:27:44Z,647,36459,50,0
2018-09-04T21:27:44Z,648,36581,50,0
2018-09-04T21:27:44Z,649,45061,50,0
2018-09-04T21:27:44Z,650,46287,50,0
2018-09-04T21:27:44Z,651,46288,7,0
2018-09-04T21:27:44Z,652,46405,7,0
2018-09-04T21:27:44Z,653,46436,7,0
2018-09-04T21:27:44Z,654,46530,7,0
2018-09-04T21:27:44Z,655,57880,5,0
2018-09-04T21:27:44Z,656,4549,6,0
2018-09-04T21:27:44Z,657,4661,7,0
2018-09-04T21:27:44Z,658,5959,6.525,0
2018-09-04T21:27:44Z,659,6980,6.575,0
2018-09-04T21:27:44Z,660,7766,6.8,0
2018-09-04T21:27:44Z,661,8492,6.8,0
2018-09-04T21:27:44Z,662,9262,6.675,0
2018-09-04T21:27:44Z,663,12039,6.3,0
2018-09-04T21:27:44Z,664,13019,6.45,0
2018-09-04T21:27:44Z,665,13551,8,0
2018-09-04T21:27:44Z,666,13665,7.95,0
2018-09-04T21:27:44Z,667,14795,7.175,0
2018-09-04T21:27:44Z,668,14953,8.375,0
2018-09-04T21:27:44Z,669,16539,8.75,0
2018-09-04T21:27:44Z,670,16601,8.55,0
2018-09-04T21:27:44Z,671,17453,8.2125,0
2018-09-04T21:27:44Z,672,17521,8.675,0
2018-09-04T21:27:44Z,673,18197,8.175,0
2018-09-04T21:27:44Z,674,18393,8.175,0
2018-09-04T21:27:44Z,675,18715,8,0
2018-09-04T21:27:44Z,676,21128,8.5,0
2018-09-04T21:27:44Z,677,21400,9,0
2018-09-04T21:27:44Z,678,21962,9.075,0
2018-09-04T21:27:44Z,679,22086,9.075,0
2018-09-04T21:27:44Z,680,22265,9.75,0
2018-09-04T21:27:44Z,681,25057,9.375,0
2018-09-04T21:27:44Z,682,27491,9.75,0
2018-09-04T21:27:44Z,683,29383,10,0
2018-09-04T21:27:44Z,684,31140,9.825,0
2018-09-04T21:27:44Z,685,34668,10.125,0
2018-09-04T21:27:44Z,686,36983,10.15,0
2018-09-04T21:27:44Z,687,45074,10.125,0
2018-09-04T21:27:44Z,688,45120,10.5,0
2018-09-04T21:27:44Z,689,48193,11,0
2018-09-04T21:27:44Z,690,48644,11.25,0
2018-09-04T21:27:44Z,691,49238,12.125,0
2018-09-04T21:27:44Z,692,49675,12.875,0
2018-09-04T21:27:44Z,693,50420,13.15,0
2018-09-04T21:27:44Z,694,50548,13.0875,0
2018-09-04T21:27:44Z,695,51474,11.625,0
2018-09-04T21:27:44Z,696,52344,11.875,0
2018-09-04T21:27:44Z,697,52352,12.2667,0
2018-09-04T21:27:44Z,698,53219,12.775,0
2018-09-04T21:27:44Z,699,59587,12.875,0
2018-09-04T21:27:44Z,700,6280,13,0
2018-09-04T21:27:44Z,701,7969,12,0
2018-09-04T21:27:44Z,702,8238,11.75,0
2018-09-04T21:27:44Z,703,9126,9.875,0
2018-09-04T21:27:44Z,704,9281,9.875,0
2018-09-04T21:27:44Z,705,9307,10.625,0
2018-09-04T21:27:44Z,706,9993,12.125,0
2018-09-04T21:27:44Z,707,10914,12.375,0
2018-09-04T21:27:44Z,708,13360,15.125,0
2018-09-04T21:27:44Z,709,13810,16.75,0
2018-09-04T21:27:44Z,710,14172,17.625,0
2018-09-04T21:27:44Z,711,15363,21.25,0
2018-09-04T21:27:44Z,712,17383,21.75,0
2018-09-04T21:27:44Z,713,18667,23.625,0
2018-09-04T21:27:44Z,714,19442,34,0
2018-09-04T21:27:44Z,715,20275,35.5,0
2018-09-04T21:27:43Z,716,20498,30.375,0
2018-09-04T21:27:43Z,717,22619,30.3,0
2018-09-04T21:27:43Z,718,23291,30.75,0
2018-09-04T21:27:43Z,719,24971,28.75,0
2018-09-04T21:27:43Z,720,26700,28,0
2018-09-04T21:27:43Z,721,27039,21,0
2018-09-04T21:27:43Z,722,28339,20.5,0
2018-09-04T21:27:43Z,723,28717,18.5,0
2018-09-04T21:27:43Z,724,32062,16.5,0
2018-09-04T21:27:43Z,725,32190,14.5,0
2018-09-04T21:27:43Z,726,36934,13.75,0
2018-09-04T21:27:43Z,727,44916,16.5,0
2018-09-04T21:27:43Z,728,50681,12,0
2018-09-04T21:27:43Z,729,53615,13,0
2018-09-04T21:27:43Z,730,58350,13.5,0
2018-09-04T21:27:43Z,731,31735,14,0
2018-09-04T21:27:43Z,732,32417,13.75,0
2018-09-04T21:27:43Z,733,32898,12.875,0
2018-09-04T21:27:43Z,734,45527,12.25,0
2018-09-04T21:27:43Z,735,30518,12,0
2018-09-04T21:27:43Z,736,32898,12,0
2018-09-04T21:27:43Z,737,34017,11,0
2018-09-04T21:27:43Z,738,35585,10.875,0
2018-09-04T21:27:43Z,739,53520,10.25,0
2018-09-04T21:27:43Z,740,57907,10,0
2018-09-04T21:27:43Z,741,58607,10.75,0
2018-09-04T21:27:43Z,742,5132,12.25,0
2018-09-04T21:27:43Z,743,6950,13.125,0
2018-09-04T21:27:43Z,744,7679,12.25,0
2018-09-04T21:27:43Z,745,10206,13.375,0
2018-09-04T21:27:43Z,746,11920,14.75,0
2018-09-04T21:27:43Z,747,14844,15.75,0
2018-09-04T21:27:43Z,748,18941,15.5,0
2018-09-04T21:27:43Z,749,25229,14.375,0
2018-09-04T21:27:43Z,750,28196,16.75,0
2018-09-04T21:27:43Z,751,28939,19,0
2018-09-04T21:27:43Z,752,33489,18.38,0
2018-09-04T21:27:43Z,753,34047,18.5,0
2018-09-04T21:27:43Z,754,34760,18.5,0
2018-09-04T21:27:43Z,755,36433,18.1,0
2018-09-04T21:27:43Z,756,36837,18,0
2018-09-04T21:27:43Z,757,55933,17.75,0
2018-09-04T21:27:43Z,758,57943,16.75,0
2018-09-04T21:27:43Z,759,7573,18,0
2018-09-04T21:27:43Z,760,8235,18,0
2018-09-04T21:27:43Z,761,9919,17.25,0
2018-09-04T21:27:43Z,762,11743,16,0
2018-09-04T21:27:43Z,763,19803,16,0
2018-09-04T21:27:43Z,764,21260,16.75,0
2018-09-04T21:27:43Z,765,21883,17.3333,0
2018-09-04T21:27:43Z,766,22559,18.5,0
2018-09-04T21:27:43Z,767,23447,19,0
2018-09-04T21:27:41Z,768,24109,18.125,0
2018-09-04T21:27:41Z,769,30468,19.5,0
2018-09-04T21:27:41Z,770,31790,19,0
2018-09-04T21:27:41Z,771,33081,19,0
2018-09-04T21:27:41Z,772,33835,19,0
2018-09-04T21:27:41Z,773,36617,19,0
2018-09-04T21:27:41Z,774,37336,18,0
2018-09-04T21:27:41Z,775,50582,18,0
2018-09-04T21:27:41Z,776,48980,18.25,0
2018-09-04T21:27:41Z,777,5761,19.25,0
2018-09-04T21:27:41Z,778,6430,20,0
2018-09-04T21:27:41Z,779,12648,19.25,0
2018-09-04T21:27:41Z,780,12890,19.25,0
2018-09-04T21:27:41Z,781,14978,20.5,0
2018-09-04T21:27:41Z,782,21706,21,0
2018-09-04T21:27:41Z,783,26053,21,0
2018-09-04T21:27:41Z,784,36568,21.5,0
2018-09-04T21:27:41Z,785,37345,21.5,0
2018-09-04T21:27:41Z,786,50830,20.25,0
2018-09-04T21:27:41Z,787,54328,21,0
2018-09-04T21:27:39Z,788,4489,21,0
2018-09-04T21:27:39Z,789,5922,21.5,0
2018-09-04T21:27:39Z,790,6028,22,0
2018-09-04T21:27:39Z,791,8841,22,0
2018-09-04T21:27:39Z,792,14195,22,0
2018-09-04T21:27:39Z,793,15731,22,0
2018-09-04T21:27:39Z,794,16304,22,0
2018-09-04T21:27:39Z,795,17670,22,0
2018-09-04T21:27:39Z,796,23591,21.5,0
2018-09-04T21:27:39Z,797,23960,20.5,0
2018-09-04T21:27:39Z,798,26450,20.75,0
2018-09-04T21:27:39Z,799,27130,20,0
2018-09-04T21:27:39Z,800,30145,22,0
2018-09-04T21:27:39Z,801,32611,21.5,0
2018-09-04T21:27:39Z,802,32861,21.75,0
2018-09-04T21:27:39Z,803,32943,22,0
2018-09-04T21:27:39Z,804,34047,22,0
2018-09-04T21:27:39Z,805,35695,21.5,0
2018-09-04T21:27:39Z,806,36333,21.75,0
2018-09-04T21:27:39Z,807,56175,21,0
2018-09-04T21:27:39Z,808,57168,21,0
2018-09-04T21:27:39Z,809,58191,21,0
2018-09-04T21:27:39Z,810,60751,21,0
2018-09-04T21:27:39Z,811,6067,21,0
2018-09-04T21:27:39Z,812,12502,21,0
2018-09-04T21:27:39Z,813,15373,21,0
2018-09-04T21:27:39Z,814,19139,21,0
2018-09-04T21:27:39Z,815,24416,21.25,0
2018-09-04T21:27:39Z,816,34893,22,0
2018-09-04T21:27:39Z,817,50265,22,0
2018-09-04T21:27:39Z,818,56795,22,0
2018-09-04T21:27:39Z,819,58728,22,0
2018-09-04T21:27:39Z,820,5541,22,0
2018-09-04T21:27:39Z,821,9806,22,0
2018-09-04T21:27:39Z,822,11273,21,0
2018-09-04T21:27:39Z,823,14849,22.75,0
2018-09-04T21:27:39Z,824,16515,20.75,0
2018-09-04T21:27:39Z,825,17813,23.5,0
2018-09-04T21:27:39Z,826,18511,22,0
2018-09-04T21:27:39Z,827,19355,24.25,0
2018-09-04T21:27:39Z,828,26338,25.5,0
2018-09-04T21:27:39Z,829,27072,24.25,0
2018-09-04T21:27:39Z,830,32240,26.25,0
2018-09-04T21:27:39Z,831,50666,25.75,0
2018-09-04T21:27:39Z,832,55498,28.5,0
2018-09-04T21:27:39Z,833,58636,30,0
2018-09-04T21:27:39Z,834,58657,31.75,0
2018-09-04T21:27:39Z,835,58778,31.75,0
2018-09-04T21:27:39Z,836,12814,31.5,0
2018-09-04T21:27:39Z,837,24446,45.75,0
2018-09-04T21:27:39Z,838,29857,43.25,0
2018-09-04T21:27:39Z,839,35304,39.5,0
2018-09-04T21:27:39Z,840,48980,43.75,0
2018-09-04T21:27:39Z,841,319,44,0
2018-09-04T21:27:39Z,842,353,37,0
2018-09-04T21:27:39Z,843,656,36.5,0
2018-09-04T21:27:39Z,844,1002,35,0
2018-09-04T21:27:39Z,845,1054,35.25,0
2018-09-04T21:27:39Z,846,1734,34,0
2018-09-04T21:27:39Z,847,1799,33,0
2018-09-04T21:27:39Z,848,1925,33,0
2018-09-04T21:27:39Z,849,2464,33.25,0
2018-09-04T21:27:39Z,850,55787,31,0
2018-09-04T21:27:39Z,851,3127,31.5,0
2018-09-04T21:27:39Z,852,3241,30.75,0
2018-09-04T21:27:39Z,853,3361,33.5,0
2018-09-04T21:27:39Z,854,3464,34.5,0
2018-09-04T21:27:39Z,855,3478,31.75,0
2018-09-04T21:27:39Z,856,3967,32,0
2018-09-04T21:27:39Z,857,4023,32,0
2018-09-04T21:27:39Z,858,4235,31.25,0
2018-09-04T21:27:39Z,859,53169,30.5,0
2018-09-04T21:27:39Z,860,58085,29.5,0
2018-09-04T21:27:39Z,861,58101,29,0
2018-09-04T21:27:39Z,862,58555,27,0
2018-09-04T21:27:39Z,863,9018,27,0
2018-09-04T21:27:39Z,864,17473,27,0
2018-09-04T21:27:39Z,865,19736,27,0
2018-09-04T21:27:39Z,866,21956,27,0
2018-09-04T21:27:39Z,867,22253,27,0
2018-09-04T21:27:39Z,868,29453,27,0
2018-09-04T21:27:39Z,869,29487,27,0
2018-09-04T21:27:39Z,870,36425,27,0
2018-09-04T21:27:39Z,871,37124,27,0
2018-09-04T21:27:39Z,872,45350,27,0
2018-09-04T21:27:39Z,873,52671,30,0
2018-09-04T21:27:39Z,874,59521,30,0
2018-09-04T21:27:39Z,875,18798,30,0
2018-09-04T21:27:39Z,876,25381,30,0
2018-09-04T21:27:39Z,877,28791,30,0
2018-09-04T21:27:39Z,878,29730,30,0
2018-09-04T21:27:39Z,879,35259,31.5,0
2018-09-04T21:27:39Z,880,6173,33,0
2018-09-04T21:27:39Z,881,7005,35.25,0
2018-09-04T21:27:39Z,882,7364,38.5,0
2018-09-04T21:27:39Z,883,8508,40,0
2018-09-04T21:27:39Z,884,10046,40,0
2018-09-04T21:27:39Z,885,10089,40.75,0
2018-09-04T21:27:39Z,886,10680,43.5,0
2018-09-04T21:27:39Z,887,10948,44.3333,0
2018-09-04T21:27:39Z,888,11490,46.5,0
2018-09-04T21:27:39Z,889,13224,41,0
2018-09-04T21:27:39Z,890,13689,38.5,0
2018-09-04T21:27:39Z,891,14202,38,0
2018-09-04T21:27:39Z,892,15055,40,0
2018-09-04T21:27:39Z,893,16189,40,0
2018-09-04T21:27:39Z,894,16260,40,0
2018-09-04T21:27:39Z,895,16263,40,0
2018-09-04T21:27:39Z,896,16381,43.5,0
2018-09-04T21:27:39Z,897,17537,43,0
2018-09-04T21:27:39Z,898,17648,43,0
2018-09-04T21:27:39Z,899,17997,43,0
2018-09-04T21:27:39Z,900,18181,43,0
2018-09-04T21:27:39Z,901,19632,43,0
2018-09-04T21:27:39Z,902,19757,41.75,0
2018-09-04T21:27:39Z,903,24534,42,0
2018-09-04T21:27:39Z,904,25020,42,0
2018-09-04T21:27:39Z,905,27150,42,0
2018-09-04T21:27:39Z,906,28053,42,0
2018-09-04T21:27:39Z,907,28731,40.5,0
2018-09-04T21:27:39Z,908,29208,40,0
2018-09-04T21:27:39Z,909,30518,40,0
2018-09-04T21:27:39Z,910,30658,40,0
2018-09-04T21:27:39Z,911,31664,40,0
2018-09-04T21:27:39Z,912,31792,40,0
2018-09-04T21:27:39Z,913,32797,40,0
2018-09-04T21:27:39Z,914,36192,37,0
2018-09-04T21:27:39Z,915,36620,36.75,0
2018-09-04T21:27:39Z,916,48918,36,0
2018-09-04T21:27:39Z,917,48976,36,0
2018-09-04T21:27:39Z,918,57699,36,0
2018-09-04T21:27:39Z,919,57921,36,0
2018-09-04T21:27:39Z,920,58603,36,0
2018-09-04T21:27:39Z,921,16998,37.5,0
2018-09-04T21:27:39Z,922,9821,37.875,0
2018-09-04T21:27:39Z,923,16680,38,0
2018-09-04T21:27:39Z,924,19854,38,0
2018-09-04T21:27:39Z,925,24678,38,0
2018-09-04T21:27:39Z,926,22927,36,0
2018-09-04T21:27:39Z,927,24620,36,0
2018-09-04T21:27:39Z,928,37036,36,0
2018-09-04T21:27:39Z,929,49300,36,0
2018-09-04T21:27:39Z,930,54309,36,0
2018-09-04T21:27:39Z,931,5079,36,0
2018-09-04T21:27:39Z,932,16563,36,0
2018-09-04T21:27:39Z,933,56558,36,0
2018-09-04T21:27:39Z,934,57999,36,0
2018-09-04T21:27:39Z,935,6742,36,0
2018-09-04T21:27:39Z,936,6769,36,0
2018-09-04T21:27:39Z,937,7486,36,0
2018-09-04T21:27:39Z,938,8772,38,0
2018-09-04T21:27:39Z,939,10864,39,0
2018-09-04T21:27:39Z,940,11945,39,0
2018-09-04T21:27:39Z,941,12987,39,0
2018-09-04T21:27:39Z,942,17861,39,0
2018-09-04T21:27:39Z,943,19803,600,0
2018-09-04T21:27:39Z,944,20041,600,0
2018-09-04T21:27:39Z,945,20235,600,0
2018-09-04T21:27:39Z,946,21124,600,0
2018-09-04T21:27:39Z,947,21306,600,0
2018-09-04T21:27:39Z,948,26580,600,0
2018-09-04T21:27:39Z,949,31090,600,0
2018-09-04T21:27:39Z,950,32869,600,0
2018-09-04T21:27:39Z,951,37284,600,0
2018-09-04T21:27:39Z,952,49579,600,0
2018-09-04T21:27:39Z,953,7927,600,0
2018-09-04T21:27:39Z,954,29772,612.5,0
2018-09-04T21:27:39Z,955,32910,650,0
2018-09-04T21:27:39Z,956,4933,650,0
2018-09-04T21:27:39Z,957,9916,650,0
2018-09-04T21:27:39Z,958,11015,650,0
2018-09-04T21:27:39Z,959,12946,612.5,0
2018-09-04T21:27:39Z,960,13360,600,0
2018-09-04T21:27:39Z,961,14630,600,0
2018-09-04T21:27:39Z,962,23369,600,0
2018-09-04T21:27:39Z,963,29038,600,0
2018-09-04T21:27:39Z,964,49884,600,0
2018-09-04T21:27:39Z,965,4313,600,0
2018-09-04T21:27:39Z,966,5557,600,0
2018-09-04T21:27:39Z,967,5622,600,0
2018-09-04T21:27:39Z,968,6800,600,0
2018-09-04T21:27:39Z,969,10673,600,0
2018-09-04T21:27:39Z,970,11245,600,0
2018-09-04T21:27:39Z,971,12946,600,0
2018-09-04T21:27:39Z,972,13566,600,0
2018-09-04T21:27:39Z,973,17962,600,0
2018-09-04T21:27:39Z,974,18920,600,0
2018-09-04T21:27:39Z,975,21565,600,0
2018-09-04T21:27:39Z,976,21962,600,0
2018-09-04T21:27:39Z,977,24562,600,0
2018-09-04T21:27:39Z,978,30067,600,0
2018-09-04T21:27:39Z,979,31580,600,0
2018-09-04T21:27:39Z,980,34047,2137500,0
2018-09-04T21:27:39Z,981,35857,1730000,0
2018-09-04T21:27:39Z,982,45986,1575000,0
2018-09-04T21:27:39Z,983,29537,1650000,0
2018-09-04T21:27:39Z,984,51993,1712500,0
2018-09-04T21:27:39Z,985,8660,1712500,0
2018-09-04T21:27:39Z,986,28358,1770000,0
2018-09-04T21:27:39Z,987,32542,1937500,0
2018-09-04T21:27:39Z,988,58653,2570000,0
2018-09-04T21:27:39Z,989,59498,3450000,0
2018-09-04T21:27:39Z,990,11605,3683333.25,0
2018-09-04T21:27:39Z,991,48844,2287500,0
2018-09-04T21:27:39Z,992,58697,2060000,0
2018-09-04T21:27:39Z,993,58726,2175000,0
2018-09-04T21:27:39Z,994,25901,2475000,0
2018-09-04T21:27:39Z,995,27970,2780000,0
2018-09-04T21:27:39Z,996,35167,2600000,0
2018-09-04T21:27:39Z,997,45215,2550000,0
2018-09-04T21:27:39Z,998,4443,2350000,0
2018-09-04T21:27:39Z,999,8164,2125000,0
2018-09-04T21:27:39Z,1000,10914,2690000,0
2018-09-04T21:27:39Z,1001,14115,2522222,0
2018-09-04T21:27:39Z,1002,14172,3000000,0
2018-09-04T21:27:39Z,1003,16102,2787500,0
2018-09-04T21:27:39Z,1004,16422,3105000,0
2018-09-04T21:27:39Z,1005,18857,3160000,0
2018-09-04T21:27:39Z,1006,18954,3187500,0
2018-09-04T21:27:39Z,1007,20490,3303333,0
2018-09-04T21:27:39Z,1008,20634,4112500,0
2018-09-04T21:27:39Z,1009,23806,4475000,0
2018-09-04T21:27:39Z,1010,27025,5550000,0
2018-09-04T21:27:39Z,1011,28939,5637500,0
2018-09-04T21:27:39Z,1012,32271,34250,0
2018-09-04T21:27:39Z,1013,33847,27600,0
2018-09-04T21:27:39Z,1014,34915,30125,0
2018-09-04T21:27:39Z,1015,35045,39000,0
2018-09-04T21:27:39Z,1016,53087,33875,0
2018-09-04T21:27:39Z,1017,53112,33200,0
2018-09-04T21:27:39Z,1018,57087,38750,0
2018-09-04T21:27:39Z,1019,21354,36875,0
2018-09-04T21:27:39Z,1020,26208,38600,0
2018-09-04T21:27:39Z,1021,27506,49375,0
2018-09-04T21:27:39Z,1022,34047,47400,0
2018-09-04T21:27:39Z,1023,46623,38000,0
2018-09-04T21:27:39Z,1024,51036,33333.25,0
2018-09-04T21:27:39Z,1025,9683,35500,0
2018-09-04T21:27:39Z,1026,19539,34600,0
2018-09-04T21:27:39Z,1027,21300,33375,0
2018-09-04T21:27:39Z,1028,6515,33000,0
2018-09-04T21:27:39Z,1029,10242,31200,0
2018-09-04T21:27:39Z,1030,11119,36000,0
2018-09-04T21:27:39Z,1031,16239,32000,0
2018-09-04T21:27:39Z,1032,17296,35000,0
2018-09-04T21:27:39Z,1033,18054,17375,0
2018-09-04T21:27:39Z,1034,20396,19300,0
2018-09-04T21:27:39Z,1035,31662,19139,0
2018-09-04T21:27:39Z,1036,56333,16500,0
2018-09-04T21:27:39Z,1037,12471,15375,0
2018-09-04T21:27:39Z,1038,17396,14325,0
2018-09-04T21:27:39Z,1039,30759,13525,0
2018-09-04T21:27:39Z,1040,51753,15000,0
2018-09-04T21:27:39Z,1041,11056,17867,0
2018-09-04T21:27:39Z,1042,13648,20875,0
2018-09-04T21:27:39Z,1043,16077,22500,0
2018-09-04T21:27:39Z,1044,17474,30625,0
2018-09-04T21:27:39Z,1045,22269,29125,0
2018-09-04T21:27:39Z,1046,24833,13,0
2018-09-04T21:27:39Z,1047,25871,12,0
2018-09-04T21:27:39Z,1048,31943,13,0
2018-09-04T21:27:39Z,1049,32652,12,0
2018-09-04T21:27:39Z,1050,33382,13,0
2018-09-04T21:27:39Z,1051,33657,13,0
2018-09-04T21:27:39Z,1052,33739,13,0
2018-09-04T21:27:39Z,1053,51283,13,0
2018-09-04T21:27:39Z,1054,52344,12.875,0
2018-09-04T21:27:39Z,1055,52437,12.5,0
2018-09-04T21:27:39Z,1056,55254,14.125,0
2018-09-04T21:27:39Z,1057,56051,13.875,0
2018-09-04T21:27:39Z,1058,56807,13.625,0
2018-09-04T21:27:39Z,1059,59448,12.875,0
2018-09-04T21:27:39Z,1060,50633,13.875,0
2018-09-04T21:27:39Z,1061,10367,15.25,0
2018-09-04T13:02:41Z,1062,11566,13.9063,0
2018-09-03T22:51:22Z,1063,46752,18.125,0
2018-09-03T22:51:22Z,1064,48648,18,0
2018-09-03T22:51:22Z,1065,5922,20.625,0
2018-09-03T22:51:22Z,1066,9070,17.6641,0
2018-09-03T22:51:22Z,1067,20832,23.25,0
2018-09-03T22:51:22Z,1068,19239,21.375,0
2018-09-03T22:51:22Z,1069,29303,21.625,0
2018-09-03T22:51:22Z,1070,58546,47,0
2018-09-03T22:51:22Z,1071,4382,59,0
2018-09-03T22:51:22Z,1072,8151,59,0
2018-09-03T22:51:22Z,1073,18733,59,0
2018-09-03T22:51:22Z,1074,24446,58,0
2018-09-03T22:51:22Z,1075,26201,57.25,0
2018-09-03T22:51:22Z,1076,26286,55,0
2018-09-03T22:51:22Z,1077,27572,47,0
2018-09-03T22:51:22Z,1078,32777,43,0
2018-09-03T22:51:22Z,1079,33881,43,0
2018-09-03T22:51:22Z,1080,37147,42.75,0
2018-08-31T16:25:14Z,1081,46201,42,0
2018-08-31T16:25:14Z,1082,46284,41.5,0
2018-08-29T16:35:30Z,1083,46480,40,0
2018-08-29T16:35:30Z,1084,49387,42,0
2018-08-29T16:35:30Z,1085,6839,42,0
2018-08-29T16:35:30Z,1086,6884,42,0
2018-08-29T16:35:30Z,1087,7704,42.75,0
2018-08-29T16:35:30Z,1088,7790,42,0
2018-08-29T16:35:30Z,1089,9422,40.75,0
2018-08-29T16:35:30Z,1090,11761,32,0
2018-08-29T16:35:30Z,1091,13438,31,0
2018-08-29T16:35:30Z,1092,16621,31,0
2018-08-29T16:35:30Z,1093,17482,31,0
2018-08-29T16:35:30Z,1094,18876,31,0
2018-08-29T16:35:30Z,1095,20013,31,0
2018-08-29T16:35:30Z,1096,20756,31,0
2018-08-29T16:35:30Z,1097,22086,33.5,0
2018-08-29T16:35:30Z,1098,22804,34,0
2018-08-29T16:35:30Z,1099,27812,32.375,0
2018-08-29T16:35:30Z,1100,32209,10,0
2018-08-29T16:35:30Z,1101,35059,10,0
2018-08-29T16:35:30Z,1102,36270,10,0
2018-08-27T17:05:32Z,1103,37042,10,0
2018-08-27T17:05:32Z,1104,45502,10,0
2018-08-27T17:05:29Z,1105,48655,10,0
2018-08-27T17:02:53Z,1106,48989,10,0
2018-08-27T17:02:13Z,1107,51511,10,0
2018-08-27T17:02:13Z,1108,56822,10,0
2018-08-27T17:01:49Z,1109,15375,10,0
2018-08-27T17:01:49Z,1110,16016,10,0
2018-08-27T17:01:49Z,1111,20366,10,0
2018-08-27T17:01:49Z,1112,20616,10,0
2018-08-27T17:01:49Z,1113,35016,10,0
2018-08-27T17:01:49Z,1114,36212,10,0
2018-08-27T17:01:49Z,1115,59559,10,0
2018-08-27T17:01:49Z,1116,9683,260,0
2018-08-27T17:01:49Z,1117,10451,204,0
2018-08-27T17:01:49Z,1118,17805,187,0
2018-08-27T17:01:49Z,1119,19539,190,0
2018-08-27T17:01:49Z,1120,19568,160,0
2018-08-27T17:01:49Z,1121,27790,180,0
2018-08-27T17:01:49Z,1122,28794,180,0
2018-08-27T17:01:49Z,1123,32253,160,0
2018-08-27T17:01:49Z,1124,33594,160,0
2018-08-27T17:01:49Z,1125,60526,150,0
2018-08-27T17:01:49Z,1126,16680,190,0
2018-08-27T17:01:49Z,1127,21374,160,0
2018-08-27T17:01:49Z,1128,24784,170,0
2018-08-27T17:01:49Z,1129,34244,205,0
2018-08-27T17:01:49Z,1130,35259,190,0
2018-08-27T17:01:49Z,1131,6642,180,0
2018-08-27T17:01:49Z,1132,8380,25,0
2018-08-27T17:01:49Z,1133,19805,25,0
2018-08-27T17:01:49Z,1134,10090,25,0
2018-08-27T17:01:49Z,1135,24658,25,0
2018-08-27T17:01:49Z,1136,4545,25,0
2018-08-27T17:01:49Z,1137,9842,25,0
2018-08-27T17:01:49Z,1138,19333,25,0
2018-08-27T17:01:49Z,1139,21300,25,0
2018-08-27T17:01:49Z,1140,24534,25,0
2018-08-27T17:01:49Z,1141,26787,25,0
2018-08-27T17:01:49Z,1142,29812,25,0
2018-08-27T17:01:49Z,1143,50180,80,0
2018-08-27T17:01:49Z,1144,50188,63,0
2018-08-27T17:01:49Z,1145,4830,50,0
2018-08-27T17:01:49Z,1146,7057,50,0
2018-08-27T17:01:49Z,1147,10556,40,0
2018-08-27T17:01:49Z,1148,11628,60,0
2018-08-27T17:01:49Z,1149,11921,50,0
2018-08-27T17:01:49Z,1150,19158,55,0
2018-08-27T17:01:49Z,1151,19727,48,0
2018-08-27T17:01:49Z,1152,19826,40,0
2018-08-27T17:01:49Z,1153,20415,33,0
2018-08-27T17:01:49Z,1154,20562,42,0
2018-08-27T17:01:49Z,1155,21093,45,0
2018-08-27T17:01:49Z,1156,24036,50,0
2018-08-27T17:01:49Z,1157,37068,50,0
2018-08-27T17:01:49Z,1158,37085,40,0
2018-08-27T17:01:49Z,1159,57962,300,0
2018-08-27T17:01:49Z,1160,58563,270,0
2018-08-27T17:01:49Z,1161,4343,298.5,0
2018-08-27T17:01:49Z,1162,5122,210,0
2018-08-27T17:01:49Z,1163,5874,240,0
2018-08-27T17:01:49Z,1164,6243,270,0
2018-08-27T17:01:49Z,1165,7437,215,0
2018-08-27T17:01:49Z,1166,8629,241,0
2018-08-27T17:01:49Z,1167,14105,300,0
2018-08-27T17:01:49Z,1168,14172,300,0
2018-08-27T17:01:49Z,1169,14724,240,0
2018-08-27T17:01:49Z,1170,17188,265,0
2018-08-27T17:01:49Z,1171,17707,330,0
2018-08-27T17:01:49Z,1172,18202,390,0
2018-08-27T17:01:49Z,1173,18879,350,0
2018-08-27T17:01:49Z,1174,20376,280,0
2018-08-27T17:01:49Z,1175,23417,277,0
2018-08-27T17:01:49Z,1176,24088,276,0
2018-08-27T17:01:49Z,1177,25254,298,0
2018-08-27T17:01:49Z,1178,26042,295,0
2018-08-27T17:01:49Z,1179,26437,360,0
2018-08-27T17:01:49Z,1180,30934,330,0
2018-08-27T17:01:49Z,1181,31808,330,0
2018-08-27T17:01:49Z,1182,32273,290,0
2018-08-27T17:01:37Z,1183,33022,348,0
2018-08-27T17:01:37Z,1184,35792,400,0
2018-08-27T17:01:37Z,1185,36908,280,0
2018-08-27T17:01:37Z,1186,37173,250,0
2018-08-27T17:01:37Z,1187,45161,260,0
2018-08-27T17:01:37Z,1188,45179,260,0
2018-08-27T17:01:37Z,1189,53001,260,0
2018-08-27T17:01:37Z,1190,53517,260,0
2018-08-27T17:01:37Z,1191,53546,90,0
2018-08-27T17:01:37Z,1192,54380,75,0
2018-08-27T17:01:37Z,1193,56051,83,0
2018-08-27T17:01:37Z,1194,56729,85,0
2018-08-27T17:01:37Z,1195,59437,85,0
2018-08-27T17:01:37Z,1196,9146,85,0
2018-08-27T17:01:37Z,1197,11532,85,0
2018-08-27T17:01:37Z,1198,12685,87,0
2018-08-27T17:01:37Z,1199,13987,87,0
2018-08-27T17:01:37Z,1200,22040,87,0
2018-08-27T17:01:37Z,1201,25143,90,0
2018-08-27T17:01:37Z,1202,29479,90,0
2018-08-27T17:01:37Z,1203,29914,85,0
2018-08-27T17:01:37Z,1204,29993,87,0
2018-08-27T17:01:37Z,1205,33925,80,0
2018-08-27T17:01:37Z,1206,5057,87,0
2018-08-27T17:01:37Z,1207,6511,160,0
2018-08-27T17:01:37Z,1208,21139,133,0
2018-08-27T17:01:37Z,1209,47994,152,0
2018-08-27T17:01:37Z,1210,48003,158,0
2018-08-27T17:01:37Z,1211,53362,150,0
2018-08-27T17:01:37Z,1212,53863,180,0
2018-08-27T17:01:37Z,1213,5410,190,0
2018-08-27T17:01:37Z,1214,57491,190,0
2018-08-27T17:01:37Z,1215,4765,190,0
2018-08-27T17:01:37Z,1216,8824,185,0
2018-08-27T17:01:37Z,1217,10483,230,0
2018-08-27T17:01:37Z,1218,17682,210,0
2018-08-27T17:01:37Z,1219,18777,180,0
2018-08-27T17:01:37Z,1220,18804,190,0
2018-08-27T17:01:37Z,1221,28051,205,0
2018-08-27T17:00:22Z,1222,29601,180,0
2018-08-27T17:00:22Z,1223,4417,60,0
2018-08-27T17:00:22Z,1224,5764,48.5,0
2018-08-27T17:00:22Z,1225,6503,52,0
2018-08-27T17:00:22Z,1226,6521,50,0
2018-08-27T17:00:22Z,1227,10045,42.5,0
2018-08-27T17:00:22Z,1228,11234,45,0
2018-08-27T17:00:22Z,1229,12266,45,0
2018-08-27T17:00:22Z,1230,13127,45,0
2018-08-27T17:00:22Z,1231,14067,45,0
2018-08-27T17:00:22Z,1232,15092,45,0
2018-08-27T17:00:22Z,1233,15351,35,0
2018-08-27T17:00:22Z,1234,15901,35,0
2018-08-27T17:00:22Z,1235,16281,30,0
2018-08-27T17:00:22Z,1236,16344,50,0
2018-08-27T17:00:22Z,1237,17183,35,0
2018-08-27T17:00:22Z,1238,17258,50,0
2018-08-27T17:00:22Z,1239,18864,90,0
2018-08-27T17:00:22Z,1240,19749,91,0
2018-08-27T17:00:22Z,1241,19880,72,0
2018-08-27T17:00:22Z,1242,24677,55,0
2018-08-27T17:00:22Z,1243,24965,41,0
2018-08-27T17:00:22Z,1244,25651,100,0
2018-08-27T17:00:22Z,1245,26509,100,0
2018-08-27T17:00:22Z,1246,26794,69.5,0
2018-08-27T16:59:33Z,1247,31689,54,0
2018-08-27T16:59:33Z,1248,32911,40,0
2018-08-27T16:59:33Z,1249,33864,52,0
2018-08-27T16:59:33Z,1250,35000,67,0
2018-08-27T16:59:12Z,1251,35686,45,0
2018-08-27T16:59:12Z,1252,45063,100,0
2018-08-27T16:59:12Z,1253,45150,70,0
2018-08-27T16:59:12Z,1254,45236,40,0
2018-08-27T16:59:12Z,1255,45461,120,0
2018-08-27T16:59:12Z,1256,45551,115.4,0
2018-08-27T16:59:12Z,1257,45692,115.4,0
2018-08-27T16:59:12Z,1258,49930,115.4,0
2018-08-27T16:59:12Z,1259,54336,116,0
2018-08-27T16:59:12Z,1260,55122,112,0
2018-08-27T16:59:12Z,1261,55126,112,0
2018-08-27T16:59:12Z,1262,58313,114,0
2018-08-27T16:59:12Z,1263,6537,114,0
2018-08-27T16:59:12Z,1264,6931,114,0
2018-08-27T16:59:12Z,1265,8267,115,0
2018-08-27T16:59:12Z,1266,10746,120,0
2018-08-27T16:59:12Z,1267,11178,116,0
2018-08-27T16:59:12Z,1268,13065,112,0
2018-08-27T16:59:12Z,1269,13451,116,0
2018-08-27T16:59:12Z,1270,13609,116,0
2018-08-27T16:58:42Z,1271,14989,200,0
2018-08-27T16:58:42Z,1272,23996,200,0
2018-08-27T16:58:42Z,1273,27211,200,0
2018-08-27T16:58:36Z,1274,28375,200,0
2018-08-27T16:58:35Z,1275,29346,200,0
2018-08-27T16:58:35Z,1276,29502,200,0
2018-08-27T16:58:33Z,1277,31557,200,0
2018-08-27T16:58:14Z,1278,33393,200,0
2018-08-27T16:58:14Z,1279,34558,220,0
2018-08-27T16:58:14Z,1280,35313,220,0
2018-08-27T16:58:14Z,1281,35697,200,0
2018-08-27T16:58:14Z,1282,45440,200,0
2018-08-27T16:58:14Z,1283,49242,200,0
2018-08-27T16:58:14Z,1284,8613,200,0
2018-08-27T16:58:14Z,1285,9126,200,0
2018-08-27T16:58:14Z,1286,17025,200,0
2018-08-27T16:58:14Z,1287,18470,62,0
2018-08-27T16:58:14Z,1288,25184,59,0
2018-08-27T16:58:14Z,1289,28823,79,0
2018-08-27T16:58:14Z,1290,31790,95,0
2018-08-27T16:58:14Z,1291,35420,80,0
2018-08-27T16:58:14Z,1292,45228,110,0
2018-08-27T16:58:14Z,1293,53517,70,0
2018-08-27T16:58:14Z,1294,53518,64,0
2018-08-27T16:58:14Z,1295,53520,51,0
2018-08-27T16:58:14Z,1296,53521,45,0
2018-08-27T16:58:14Z,1297,57633,50,0
2018-08-27T16:58:14Z,1298,28130,66,0
2018-08-27T16:58:14Z,1299,7278,100,0
2018-08-27T16:58:14Z,1300,9110,60,0
2018-08-27T16:58:14Z,1301,19312,90,0
2018-08-27T16:58:14Z,1302,32671,60,0
2018-08-27T16:58:14Z,1303,46191,88,0
2018-08-27T16:58:14Z,1304,9281,126,0
2018-08-27T16:58:14Z,1305,14497,149,0
2018-08-27T16:58:14Z,1306,15142,48,0
2018-08-27T16:58:14Z,1307,16905,40,0
2018-08-27T16:58:14Z,1308,22404,55,0
2018-08-27T16:58:14Z,1309,23587,50,0
2018-08-27T16:58:14Z,1310,28042,55,0
2018-08-27T16:58:14Z,1311,44876,73,0
2018-08-27T16:58:14Z,1312,48846,80,0
2018-08-27T16:58:14Z,1313,21274,64,0
2018-08-27T16:58:14Z,1314,4642,80,0
2018-08-27T16:58:14Z,1315,5681,40,0
2018-08-27T16:58:14Z,1316,6869,40,0
2018-08-27T16:58:12Z,1317,10090,35,0
2018-08-27T16:58:12Z,1318,10264,30,0
2018-08-27T16:58:12Z,1319,10950,180,0
2018-08-27T16:58:12Z,1320,11025,193,0
2018-08-27T16:58:12Z,1321,11618,187,0
2018-08-27T16:58:12Z,1322,14989,174,0
2018-08-27T16:58:12Z,1323,16399,170,0
2018-08-27T16:58:12Z,1324,17795,220,0
2018-08-27T16:57:42Z,1325,25060,200,0
2018-08-27T16:57:42Z,1326,31863,192,0
2018-08-27T16:57:42Z,1327,31985,176,0
2018-08-27T16:57:42Z,1328,46010,200,0
2018-08-27T16:57:42Z,1329,46234,270,0
2018-08-27T16:57:42Z,1330,46283,279,0
2018-08-27T16:57:42Z,1331,46316,276,0
2018-08-27T16:57:42Z,1332,46355,295,0
2018-08-27T16:57:42Z,1333,46393,293,0
2018-08-27T16:57:42Z,1334,47931,311,0
2018-08-27T16:57:42Z,1335,56333,310,0
2018-08-27T16:57:42Z,1336,5372,323,0
2018-08-27T16:57:42Z,1337,6470,327,0
2018-08-27T16:57:42Z,1338,6618,328,0
2018-08-27T16:57:42Z,1339,8385,328,0
2018-08-27T16:57:42Z,1340,8674,328,0
2018-08-27T16:57:42Z,1341,8902,351,0
2018-08-27T16:57:42Z,1342,9274,372,0
2018-08-27T16:57:42Z,1343,10392,362,0
2018-08-27T16:57:42Z,1344,11347,362,0
2018-08-27T16:57:42Z,1345,12609,353,0
2018-08-27T16:57:42Z,1346,13403,342,0
2018-08-27T16:57:42Z,1347,14099,345,0
2018-08-27T16:57:42Z,1348,14550,358,0
2018-08-27T16:57:42Z,1349,14674,357,0
2018-08-27T16:57:42Z,1350,15064,358,0
2018-08-27T16:57:42Z,1351,15388,430,0
2018-08-27T16:57:42Z,1352,15394,419,0
2018-08-27T16:57:42Z,1353,16151,415,0
2018-08-27T16:57:42Z,1354,17602,439,0
2018-08-27T16:57:42Z,1355,18308,439,0
2018-08-27T16:57:42Z,1356,18344,431,0
2018-08-27T16:57:42Z,1357,18501,422.5,0
2018-08-27T16:57:42Z,1358,19361,438.75,0
2018-08-27T16:57:42Z,1359,21093,440,0
2018-08-27T16:57:42Z,1360,21374,445,0
2018-08-27T16:57:42Z,1361,21532,465,0
2018-08-27T16:57:42Z,1362,22922,480,0
2018-08-27T16:57:42Z,1363,24888,130,0
2018-08-27T16:57:41Z,1364,25165,120,0
2018-08-27T16:57:41Z,1365,27633,130,0
2018-08-27T16:57:41Z,1366,28442,130,0
2018-08-27T16:57:41Z,1367,32187,150,0
2018-08-27T16:57:41Z,1368,33923,150,0
2018-08-27T16:57:41Z,1369,34649,150,0
2018-08-27T16:57:41Z,1370,35034,150,0
2018-08-27T16:57:41Z,1371,45161,160,0
2018-08-27T16:57:40Z,1372,45179,160,0
2018-08-27T16:57:40Z,1373,47441,165,0
2018-08-27T16:57:39Z,1374,48001,170,0
2018-08-27T16:57:39Z,1375,50950,160,0
2018-08-27T16:57:39Z,1376,52300,160,0
2018-08-27T16:57:39Z,1377,53776,155,0
2018-08-27T16:57:39Z,1378,56871,160,0
2018-08-27T16:57:39Z,1379,7161,170,0
2018-08-27T16:57:39Z,1380,10116,170,0
2018-08-27T16:57:39Z,1381,10914,170,0
2018-08-27T16:57:39Z,1382,12593,220,0
2018-08-27T16:57:39Z,1383,14933,190,0
2018-08-27T16:57:39Z,1384,15481,180,0
2018-08-27T16:57:38Z,1385,15669,180,0
2018-08-27T16:57:38Z,1386,22935,190,0
2018-08-27T16:57:26Z,1387,27679,190,0
2018-08-27T16:57:26Z,1388,29207,170,0
2018-08-27T16:57:25Z,1389,29810,180,0
2018-08-27T16:57:25Z,1390,30078,180,0
2018-08-27T16:57:25Z,1391,31150,180,0
2018-08-27T16:57:25Z,1392,33155,180,0
2018-08-27T16:57:20Z,1393,33571,180,0
2018-08-27T16:57:20Z,1394,36060,190,0
2018-08-27T16:57:20Z,1395,46285,190,0
2018-08-27T16:57:20Z,1396,49849,190,0
2018-08-27T16:57:20Z,1397,50072,190,0
2018-08-27T16:57:20Z,1398,10090,190,0
2018-08-27T16:57:20Z,1399,12692,190,0
2018-08-27T16:57:20Z,1400,13369,190,0
2018-08-27T16:57:20Z,1401,18344,190,0
2018-08-27T16:57:20Z,1402,31565,190,0
2018-08-27T16:57:20Z,1403,31868,180,0
2018-08-27T16:57:20Z,1404,33947,180,0
2018-08-27T16:57:20Z,1405,45527,210,0
2018-08-27T16:57:20Z,1406,52300,230,0
2018-08-27T16:57:20Z,1407,6867,230,0
2018-08-27T16:57:20Z,1408,7540,230,0
2018-08-27T16:57:20Z,1409,8550,220,0
2018-08-27T16:57:20Z,1410,9707,220,0
2018-08-27T16:57:20Z,1411,20353,240,0
2018-08-27T16:57:20Z,1412,25722,280,0
2018-08-27T16:57:20Z,1413,32573,280,0
2018-08-27T16:57:20Z,1414,37015,280,0
2018-08-27T16:57:20Z,1415,5665,320,0
2018-08-27T16:57:20Z,1416,7637,291,0
2018-08-27T16:57:20Z,1417,11471,296,0
2018-08-27T16:57:20Z,1418,17402,305,0
2018-08-27T16:57:20Z,1419,18572,296,0
2018-08-27T16:57:20Z,1420,22764,283,0
2018-08-27T16:57:20Z,1421,23955,263,0
2018-08-27T16:56:16Z,1422,24437,256,0
2018-08-27T16:56:15Z,1423,24488,290,0
2018-08-27T16:55:50Z,1424,25722,290,0
2018-08-27T16:55:50Z,1425,26789,290,0
2018-08-27T16:55:50Z,1426,34446,280,0
2018-08-27T16:55:50Z,1427,36764,273,0
2018-08-27T16:55:50Z,1428,4577,260,0
2018-08-27T16:55:50Z,1429,4723,273,0
2018-08-27T16:55:50Z,1430,5488,233,0
2018-08-27T16:55:50Z,1431,11896,253,0
2018-08-27T16:55:50Z,1432,12531,256,0
2018-08-27T16:55:50Z,1433,15622,253,0
2018-08-27T16:55:50Z,1434,18111,250,0
2018-08-27T16:55:50Z,1435,18126,260,0
2018-08-27T16:55:50Z,1436,18291,271,0
2018-08-27T16:55:50Z,1437,19498,271,0
2018-08-27T16:55:23Z,1438,19735,271,0
2018-08-27T16:55:23Z,1439,22427,268,0
2018-08-27T16:55:23Z,1440,24721,270,0
2018-08-27T16:55:23Z,1441,25086,271,0
2018-08-27T16:55:23Z,1442,28045,275,0
2018-08-27T16:55:23Z,1443,28124,278,0
2018-08-27T16:55:23Z,1444,30078,281,0
2018-08-27T16:55:23Z,1445,30257,281,0
2018-08-27T16:55:23Z,1446,30922,281,0
2018-08-27T16:55:23Z,1447,30943,290,0
2018-08-27T16:55:23Z,1448,31058,286,0
2018-08-27T16:55:23Z,1449,34024,283,0
2018-08-27T16:55:23Z,1450,34401,290,0
2018-08-27T16:55:23Z,1451,34753,290,0
2018-08-27T16:55:23Z,1452,36322,290,0
2018-08-27T16:55:23Z,1453,50820,362,0
2018-08-27T16:55:23Z,1454,52707,373,0
2018-08-27T16:55:23Z,1455,56024,414,0
2018-08-27T16:55:23Z,1456,21031,422.78,0
2018-08-27T16:55:23Z,1457,23987,426,0
2018-08-27T16:55:23Z,1458,26363,457,0
2018-08-27T16:54:39Z,1459,28590,313,0
2018-08-27T16:54:39Z,1460,29330,305,0
2018-08-27T16:54:39Z,1461,32281,278,0
2018-08-27T16:54:39Z,1462,34047,272,0
2018-08-27T16:54:39Z,1463,48646,292,0
2018-08-27T16:54:39Z,1464,50964,310,0
2018-08-27T16:54:39Z,1465,6092,325,0
2018-08-27T16:54:39Z,1466,39981,369,0
2018-08-27T16:54:39Z,1467,40857,353,0
2018-08-27T16:54:39Z,1468,9281,372,0
2018-08-27T16:54:39Z,1469,18919,368,0
2018-08-27T16:54:39Z,1470,19849,380,0
2018-08-27T16:54:39Z,1471,23126,382,0
2018-08-27T16:54:39Z,1472,30874,386,0
2018-08-27T16:54:39Z,1473,33549,382,0
2018-08-27T16:54:39Z,1474,48950,384,0
2018-08-27T16:54:39Z,1475,6933,407,0
2018-08-27T16:54:39Z,1476,8129,412,0
2018-08-27T16:54:39Z,1477,10914,397,0
2018-08-27T16:54:39Z,1478,14482,395,0
2018-08-27T16:54:39Z,1479,15144,388,0
2018-08-27T16:54:39Z,1480,18310,377,0
2018-08-27T16:54:39Z,1481,19442,376,0
2018-08-27T16:54:39Z,1482,19539,381,0
2018-08-27T16:54:39Z,1483,21828,382,0
2018-08-27T16:54:39Z,1484,22079,387,0
2018-08-27T16:54:39Z,1485,30518,400,0
2018-08-27T16:54:39Z,1486,31403,416,0
2018-08-27T16:54:39Z,1487,48627,430,0
2018-08-27T16:54:39Z,1488,9382,471,0
2018-08-27T16:54:39Z,1489,9704,471,0
2018-08-27T16:54:39Z,1490,13420,453,0
2018-08-27T16:54:39Z,1491,14207,437.5,0
2018-08-27T16:54:39Z,1492,17670,455,0
2018-08-27T16:54:39Z,1493,20257,455,0
2018-08-27T16:54:39Z,1494,20567,450,0
2018-08-27T16:54:39Z,1495,29804,470,0
2018-08-27T16:54:39Z,1496,30063,490,0
2018-08-27T16:54:20Z,1497,30583,413.5,0
2018-08-27T16:53:49Z,1498,37035,413.5,0
2018-08-27T16:53:48Z,1499,49849,409,0
2018-08-27T16:53:31Z,1500,50157,408.5,0
2018-08-27T16:53:31Z,1501,50163,409,0
2018-08-27T16:53:31Z,1502,55940,412,0
2018-08-27T16:52:49Z,1503,4999,417,0
2018-08-27T16:52:49Z,1504,13647,468,0
2018-08-27T16:52:49Z,1505,16266,477.5,0
2018-08-27T16:52:49Z,1506,23802,480,0
2018-08-27T16:52:49Z,1507,25069,478,0
2018-08-27T16:52:47Z,1508,30221,479,0
2018-08-27T16:52:47Z,1509,34205,487,0
2018-08-27T16:52:47Z,1510,35736,477.7,0
2018-08-27T16:52:47Z,1511,36740,480.7,0
2018-08-27T16:52:47Z,1512,48688,480.4,0
2018-08-27T16:52:47Z,1513,50945,486.7,0
2018-08-27T16:52:47Z,1514,53880,492,0
2018-08-27T16:52:12Z,1515,56728,484.7,0
2018-08-27T16:52:12Z,1516,21170,479.6,0
2018-08-27T16:52:01Z,1517,23417,478.2,0
2018-08-27T16:52:01Z,1518,35648,477,0
2018-08-27T16:52:01Z,1519,36168,476,0
2018-08-27T16:52:01Z,1520,6552,473.9,0
2018-08-27T16:52:01Z,1521,14378,476,0
2018-08-27T16:52:01Z,1522,14537,480.3,0
2018-08-27T16:52:01Z,1523,16628,481.5,0
2018-08-27T16:52:01Z,1524,23614,486.2,0
2018-08-27T16:52:01Z,1525,24484,486.4,0
2018-08-27T16:52:01Z,1526,25292,484.1,0
2018-08-27T16:52:01Z,1527,29516,484.1,0
2018-08-27T16:52:01Z,1528,34714,482.5,0
2018-08-27T16:52:00Z,1529,36362,450,0
2018-08-27T16:52:00Z,1530,48395,450,0
2018-08-27T16:52:00Z,1531,48400,450,0
2018-08-27T16:52:00Z,1532,53434,450,0
2018-08-27T16:52:00Z,1533,57166,260,0
2018-08-27T16:52:00Z,1534,60144,225,0
2018-08-27T16:52:00Z,1535,35636,225,0
2018-08-27T16:52:00Z,1536,30814,225,0
2018-08-27T16:52:00Z,1537,53242,225,0
2018-08-27T16:51:59Z,1538,53350,225,0
2018-08-27T16:51:59Z,1539,53423,225,0
2018-08-27T16:51:59Z,1540,53457,215,0
2018-08-27T16:51:59Z,1541,12774,215,0
2018-08-27T16:51:59Z,1542,17829,215,0
2018-08-27T16:51:36Z,1543,24527,215,0
2018-08-27T16:51:36Z,1544,27277,215,0
2018-08-27T16:51:36Z,1545,27979,220,0
2018-08-27T16:51:36Z,1546,29201,375,0
2018-08-27T16:51:36Z,1547,32898,230,0
2018-08-27T16:51:36Z,1548,33802,230,0
2018-08-27T16:51:36Z,1549,35076,200,0
2018-08-27T16:51:36Z,1550,35988,210,0
2018-08-27T16:51:36Z,1551,4610,210,0
2018-08-27T16:51:36Z,1552,4512,210,0
2018-08-27T16:51:36Z,1553,5922,237.5,0
2018-08-27T16:51:36Z,1554,7979,625,0
2018-08-27T16:51:36Z,1555,8942,550,0
2018-08-27T16:51:36Z,1556,10640,550,0
2018-08-27T16:51:36Z,1557,14172,550,0
2018-08-27T16:51:36Z,1558,15171,44.6667,0
2018-08-27T16:51:36Z,1559,15866,44,0
2018-08-27T16:51:00Z,1560,16639,42.3333,0
2018-08-27T16:51:00Z,1561,19246,41,0
2018-08-27T16:51:00Z,1562,19622,40.3333,0
2018-08-27T16:51:00Z,1563,20353,40.6667,0
2018-08-27T16:51:00Z,1564,20756,39,0
2018-08-27T16:51:00Z,1565,24114,39,0
2018-08-27T16:51:00Z,1566,30293,36.6667,0
2018-08-27T16:51:00Z,1567,31790,29.3333,0
2018-08-27T16:51:00Z,1568,32242,27,0
2018-08-27T16:50:57Z,1569,47221,26,0
2018-08-27T16:50:57Z,1570,52300,26,0
2018-08-27T16:50:57Z,1571,57159,24.5,0
2018-08-27T16:50:57Z,1572,4976,23.5,0
2018-08-27T16:50:57Z,1573,4985,23,0
2018-08-27T16:50:57Z,1574,6884,23,0
2018-08-27T16:50:57Z,1575,8420,22.5,0
2018-08-27T16:50:57Z,1576,10409,22,0
2018-08-27T16:50:57Z,1577,10727,21.6667,0
2018-08-27T16:50:57Z,1578,26657,22.3333,0
2018-08-27T16:50:57Z,1579,27101,22.6667,0
2018-08-27T16:50:57Z,1580,36875,25,0
2018-08-27T16:50:57Z,1581,37042,25,0
2018-08-27T16:50:57Z,1582,52053,25,0
2018-08-27T16:50:57Z,1583,4454,25,0
2018-08-27T16:50:57Z,1584,4719,25,0
2018-08-27T16:50:57Z,1585,8579,26,0
2018-08-27T16:50:57Z,1586,9331,26,0
2018-08-27T16:50:57Z,1587,11919,26,0
2018-08-27T16:50:57Z,1588,13186,30.5,0
2018-08-27T16:50:57Z,1589,13344,34.5,0
2018-08-27T16:50:55Z,1590,15229,34.5,0
2018-08-27T16:50:49Z,1591,16686,34.5,0
2018-08-27T16:50:49Z,1592,23480,36.5,0
2018-08-27T16:50:49Z,1593,23817,37,0
2018-08-27T16:50:49Z,1594,24144,37,0
2018-08-27T16:50:49Z,1595,24664,36,0
2018-08-27T16:50:49Z,1596,24889,34.5,0
2018-08-27T16:50:49Z,1597,26696,33.5,0
2018-08-27T16:50:49Z,1598,28275,32,0
2018-08-27T16:50:49Z,1599,28590,31.33,0
2018-08-27T16:50:49Z,1600,33026,32,0
2018-08-27T16:50:49Z,1601,35067,31.7778,0
2018-08-27T16:50:49Z,1602,36320,33.25,0
2018-08-27T16:50:49Z,1603,36983,32.5774,0
2018-08-27T16:50:49Z,1604,44992,32.75,0
2018-08-27T16:50:49Z,1605,45520,35.5,0
2018-08-27T16:50:49Z,1606,51417,38.75,0
2018-08-27T16:50:49Z,1607,54348,37.5,0
2018-08-27T16:50:49Z,1608,6130,34,0
2018-08-27T16:50:49Z,1609,5025,32.75,0
2018-08-27T16:50:49Z,1610,8141,33,0
2018-08-27T16:50:49Z,1611,8292,34,0
2018-08-27T16:50:49Z,1612,17453,35.25,0
2018-08-27T16:50:49Z,1613,19568,37.5,0
2018-08-27T16:50:49Z,1614,19727,37.75,0
2018-08-27T16:50:49Z,1615,20047,37.75,0
2018-08-27T16:50:49Z,1616,23391,32.75,0
2018-08-27T16:50:49Z,1617,24376,38.25,0
2018-08-27T16:50:49Z,1618,28851,38,0
2018-08-27T16:50:49Z,1619,29146,38.5,0
2018-08-27T16:50:49Z,1620,31328,38,0
2018-08-27T16:50:49Z,1621,36861,38.25,0
2018-08-27T16:50:49Z,1622,37273,38,0
2018-08-27T16:50:49Z,1623,44983,36.8192,0
2018-08-27T16:50:49Z,1624,47318,36.25,0
2018-08-27T16:50:49Z,1625,47452,35,0
2018-08-27T16:50:49Z,1626,50828,35.5,0
2018-08-27T16:50:49Z,1627,50947,37,0
2018-08-27T16:50:49Z,1628,50953,37.75,0
2018-08-27T16:50:39Z,1629,51380,38.75,0
2018-08-27T16:50:38Z,1630,56597,38.75,0
2018-08-27T16:50:38Z,1631,57340,38.25,0
2018-08-27T16:50:38Z,1632,57416,38.25,0
2018-08-27T16:50:38Z,1633,59213,38.5,0
2018-08-27T16:50:37Z,1634,27656,38,0
2018-08-27T16:50:37Z,1635,31007,37.75,0
2018-08-27T16:50:36Z,1636,36062,37.75,0
2018-08-27T16:50:36Z,1637,48412,37.25,0
2018-08-27T16:50:36Z,1638,48447,37.5,0
2018-08-27T16:50:36Z,1639,51864,37.5,0
2018-08-27T16:50:35Z,1640,37003,37.25,0
2018-08-27T16:50:35Z,1641,46234,37.25,0
2018-08-27T16:50:35Z,1642,31786,36.25,0
2018-08-27T16:50:26Z,1643,47779,35.25,0
2018-08-27T16:50:26Z,1644,12774,34.75,0
2018-08-27T16:50:26Z,1645,16680,34.75,0
2018-08-27T16:50:26Z,1646,18992,34,0
2018-08-27T16:50:26Z,1647,20455,34,0
2018-08-27T16:48:31Z,1648,29578,33.75,0
2018-08-27T16:47:55Z,1649,30391,33.5,0
2018-08-27T16:47:53Z,1650,36266,33,0
2018-08-27T16:47:53Z,1651,6958,33.5,0
2018-08-27T16:47:53Z,1652,12768,33.5,0
2018-08-27T16:47:53Z,1653,16125,33.5,0
2018-08-27T16:47:53Z,1654,31011,32.25,0
2018-08-27T16:47:53Z,1655,7112,31.75,0
2018-08-27T16:47:53Z,1656,8292,31.75,0
2018-08-27T16:47:53Z,1657,10117,31.75,0
2018-08-27T16:47:53Z,1658,13174,31.75,0
2018-08-27T16:47:53Z,1659,16381,32.3,0
2018-08-27T16:47:53Z,1660,18044,32.33,0
2018-08-27T16:47:53Z,1661,23655,32.67,0
2018-08-27T16:47:52Z,1662,25381,33,0
2018-08-27T16:47:52Z,1663,29587,32.67,0
2018-08-27T16:47:52Z,1664,32573,33,0
2018-08-27T16:47:52Z,1665,33105,33,0
2018-08-27T16:47:52Z,1666,36164,18,0
2018-08-27T16:47:52Z,1667,45019,19,0
2018-08-27T16:47:52Z,1668,46140,20.5,0
2018-08-27T16:47:52Z,1669,47719,22,0
2018-08-27T16:47:52Z,1670,50582,21,0
2018-08-27T16:47:52Z,1671,57670,21,0
2018-08-27T16:47:52Z,1672,40274,21,0
2018-08-27T16:47:52Z,1673,40598,22.5,0
2018-08-27T16:47:52Z,1674,18816,23.5,0
2018-08-27T16:47:52Z,1675,35417,24,0
2018-08-27T16:47:52Z,1676,5798,25,0
2018-08-27T16:47:52Z,1677,9825,25.5,0
2018-08-27T16:47:52Z,1678,19214,30,0
2018-08-27T16:47:52Z,1679,23634,29,0
2018-08-27T16:47:52Z,1680,31388,30,0
2018-08-27T16:47:52Z,1681,31865,32,0
2018-08-27T16:47:52Z,1682,32438,32,0
2018-08-27T16:47:52Z,1683,34047,33,0
2018-08-27T16:47:52Z,1684,36903,34,0
2018-08-27T16:47:52Z,1685,51626,33,0
2018-08-27T16:47:52Z,1686,4580,31,0
2018-08-27T16:47:52Z,1687,4756,33,0
2018-08-27T16:47:52Z,1688,5371,28,0
2018-08-27T16:47:52Z,1689,6828,28,0
2018-08-27T16:47:52Z,1690,8231,25,0
2018-08-27T16:47:52Z,1691,10079,24,0
2018-08-27T16:47:52Z,1692,10150,24,0
2018-08-27T16:47:52Z,1693,10327,20,0
2018-08-27T16:47:52Z,1694,11781,20,0
2018-08-27T16:47:52Z,1695,12872,19.5,0
2018-08-27T16:47:52Z,1696,13637,19,0
2018-08-27T16:47:52Z,1697,16441,19,0
2018-08-27T16:47:52Z,1698,16728,20,0
2018-08-27T16:47:52Z,1699,17918,22,0
2018-08-27T16:47:52Z,1700,18251,22,0
2018-08-27T16:47:51Z,1701,19784,23.6667,0
2018-08-27T16:47:51Z,1702,20550,24,0
2018-08-27T16:47:51Z,1703,20805,28,0
2018-08-27T16:47:51Z,1704,21442,28,0
2018-08-27T16:47:51Z,1705,22265,28,0
2018-08-27T16:47:51Z,1706,22342,26,0
2018-08-27T16:47:51Z,1707,22664,28,0
2018-08-27T16:47:51Z,1708,22826,28.5,0
2018-08-27T16:47:51Z,1709,23977,30,0
2018-08-27T16:47:51Z,1710,24897,30.5,0
2018-08-27T16:47:51Z,1711,25759,33,0
2018-08-27T16:47:51Z,1712,26256,33,0
2018-08-27T16:47:51Z,1713,26329,32.5,0
2018-08-27T16:47:51Z,1714,28999,37,0
2018-08-27T16:47:51Z,1715,29083,37,0
2018-08-27T16:47:51Z,1716,30990,31,0
2018-08-27T16:47:51Z,1717,31724,31.5,0
2018-08-27T16:47:51Z,1718,33393,32,0
2018-08-27T16:47:51Z,1719,33406,30.5,0
2018-08-27T16:47:51Z,1720,34200,29.75,0
2018-08-27T16:47:51Z,1721,34499,27.625,0
2018-08-27T16:47:51Z,1722,35735,29.5313,0
2018-08-27T16:47:51Z,1723,45013,29.5,0
2018-08-27T16:47:51Z,1724,45248,29,0
2018-08-27T16:47:51Z,1725,45588,28.5,0
2018-08-27T16:47:51Z,1726,46185,27,0
2018-08-27T16:47:51Z,1727,47393,27,0
2018-08-27T16:47:51Z,1728,47441,26.25,0
2018-08-27T16:47:51Z,1729,47666,24.25,0
2018-08-27T16:47:51Z,1730,47876,24.25,0
2018-08-27T16:47:51Z,1731,49941,24,0
2018-08-27T16:47:51Z,1732,52320,23.6667,0
2018-08-27T16:47:51Z,1733,52375,25.3333,0
2018-08-27T16:47:51Z,1734,52692,25.33,0
2018-08-27T16:47:51Z,1735,13174,26,0
2018-08-27T16:47:51Z,1736,19365,29.5,0
2018-08-27T16:47:51Z,1737,22609,29,0
2018-08-27T16:47:51Z,1738,26648,30,0
2018-08-27T16:47:51Z,1739,49671,26.5,0
2018-08-27T16:47:51Z,1740,45437,26.5,0
2018-08-27T16:47:51Z,1741,57106,27.5,0
2018-08-27T16:47:51Z,1742,4434,28.75,0
2018-08-27T16:47:51Z,1743,6430,30.5,0
2018-08-27T16:47:51Z,1744,27861,31.25,0
2018-08-27T16:47:51Z,1745,17801,33,0
2018-08-27T16:47:51Z,1746,56637,31,0
2018-08-27T16:47:51Z,1747,59758,33,0
2018-08-27T16:47:51Z,1748,9281,33.5,0
2018-08-27T16:47:51Z,1749,12907,33.5,0
2018-08-27T16:47:51Z,1750,14109,33.5,0
2018-08-27T16:47:51Z,1751,21170,33.5,0
2018-08-27T16:47:51Z,1752,34465,31.25,0
2018-08-27T16:47:51Z,1753,34470,32.25,0
2018-08-27T16:47:51Z,1754,4623,33,0
2018-08-27T16:47:51Z,1755,4904,33.5,0
2018-08-27T16:47:51Z,1756,5229,33.75,0
2018-08-27T16:47:51Z,1757,5433,34,0
2018-08-27T16:47:51Z,1758,6933,32,0
2018-08-27T16:47:51Z,1759,7274,32,0
2018-08-27T16:47:51Z,1760,8220,33.5,0
2018-08-27T16:47:51Z,1761,8788,33.5,0
2018-08-27T16:47:51Z,1762,8881,28.5,0
2018-08-27T16:47:51Z,1763,9645,26.75,0
2018-08-27T16:47:51Z,1764,11364,27.25,0
2018-08-27T16:47:51Z,1765,13078,26.75,0
2018-08-27T16:47:51Z,1766,14223,26,0
2018-08-27T16:47:51Z,1767,14872,26.25,0
2018-08-27T16:47:51Z,1768,17602,26.25,0
2018-08-27T16:47:51Z,1769,20799,26,0
2018-08-27T16:47:51Z,1770,21306,27,0
2018-08-27T16:47:51Z,1771,21374,29,0
2018-08-27T16:47:51Z,1772,21529,29,0
2018-08-27T16:47:44Z,1773,21813,29,0
2018-08-27T16:47:44Z,1774,23981,29,0
2018-08-27T16:47:44Z,1775,24560,24,0
2018-08-27T16:47:44Z,1776,26064,24.75,0
2018-08-27T16:47:44Z,1777,26167,27,0
2018-08-27T16:47:44Z,1778,27130,28.7,0
2018-08-27T16:47:44Z,1779,28024,33.5,0
2018-08-27T16:47:44Z,1780,28850,34.5,0
2018-08-27T16:47:44Z,1781,30518,35.57,0
2018-08-27T16:47:44Z,1782,31385,33,0
2018-08-27T16:47:44Z,1783,32869,33,0
2018-08-27T16:47:44Z,1784,36439,34,0
2018-08-27T16:47:44Z,1785,45366,54,0
2018-08-27T16:47:44Z,1786,51568,54,0
2018-08-27T16:47:44Z,1787,55459,57,0
2018-08-27T16:47:44Z,1788,55488,60,0
2018-08-27T16:47:43Z,1789,57008,65,0
2018-08-27T16:47:43Z,1790,13740,65,0
2018-08-27T16:47:43Z,1791,18514,65,0
2018-08-27T16:47:43Z,1792,24245,65,0
2018-08-27T16:47:43Z,1793,26439,71,0
2018-08-27T16:47:43Z,1794,32735,75,0
2018-08-27T16:47:43Z,1795,48939,82,0
2018-08-27T16:47:43Z,1796,51749,82,0
2018-08-27T16:47:43Z,1797,7211,82,0
2018-08-27T16:47:43Z,1798,12352,90,0
2018-08-27T16:47:43Z,1799,12456,92,0
2018-08-27T16:47:43Z,1800,13340,91,0
2018-08-27T16:47:43Z,1801,20415,85,0
2018-08-27T16:47:43Z,1802,21211,81,0
2018-08-27T16:47:43Z,1803,21813,78,0
2018-08-27T16:47:43Z,1804,22594,77,0
2018-08-27T16:47:43Z,1805,31011,78,0
2018-08-27T16:47:43Z,1806,32573,81,0
2018-08-27T16:47:43Z,1807,37396,85,0
2018-08-27T16:47:43Z,1808,57670,85,0
2018-08-27T16:47:43Z,1809,4962,98,0
2018-08-27T16:47:43Z,1810,5811,102,0
2018-08-27T16:47:43Z,1811,7364,95.5,0
2018-08-27T16:47:43Z,1812,8613,87,0
2018-08-27T16:47:43Z,1813,9035,89,0
2018-08-27T16:47:40Z,1814,9425,91,0
2018-08-27T16:47:40Z,1815,10333,87,0
2018-08-27T16:47:40Z,1816,10428,85,0
2018-08-27T16:47:40Z,1817,11741,85,0
2018-08-27T16:47:40Z,1818,11917,85,0
2018-08-27T16:47:40Z,1819,12248,85,0
2018-08-27T16:47:40Z,1820,12370,85,0
2018-08-27T16:47:40Z,1821,17714,80,0
2018-08-27T16:47:40Z,1822,17833,80,0
2018-08-27T16:47:40Z,1823,18732,80,0
2018-08-27T16:47:40Z,1824,19805,102,0
2018-08-27T16:47:40Z,1825,20359,102,0
2018-08-27T16:47:40Z,1826,21031,80,0
2018-08-27T16:47:40Z,1827,21726,80,0
2018-08-27T16:47:40Z,1828,23417,80,0
2018-08-27T16:47:40Z,1829,23706,80,0
2018-08-27T16:47:40Z,1830,25930,80,0
2018-08-27T16:47:40Z,1831,26175,73,0
2018-08-27T16:47:40Z,1832,28258,73,0
2018-08-27T16:47:40Z,1833,29376,72.5,0
2018-08-27T16:47:40Z,1834,29847,75,0
2018-08-27T16:47:40Z,1835,36125,76.5556,0
2018-08-27T16:47:40Z,1836,36716,63.75,0
2018-08-27T16:47:40Z,1837,36992,72.4659,0
2018-08-27T16:47:40Z,1838,45824,71.75,0
2018-08-27T16:47:40Z,1839,46752,72.75,0
2018-08-27T16:47:40Z,1840,59017,75.25,0
2018-08-27T16:47:40Z,1841,14840,76,0
2018-08-27T16:47:40Z,1842,21514,80.25,0
2018-08-27T16:47:40Z,1843,16062,84.75,0
2018-08-27T16:47:40Z,1844,17690,86,0
2018-08-27T16:47:40Z,1845,22035,85,0
2018-08-27T16:47:40Z,1846,34047,86.5,0
2018-08-27T16:47:40Z,1847,34255,87.25,0
2018-08-27T16:47:40Z,1848,26597,84.25,0
2018-08-27T16:47:40Z,1849,5628,84.25,0
2018-08-27T16:47:40Z,1850,8756,84,0
2018-08-27T16:47:40Z,1851,11330,90,0
2018-08-27T16:47:40Z,1852,14640,83.25,0
2018-08-27T16:47:40Z,1853,16546,82,0
2018-08-27T16:47:40Z,1854,16589,83.25,0
2018-08-27T16:47:40Z,1855,16871,86.5,0
2018-08-27T16:47:40Z,1856,17803,87.75,0
2018-08-27T16:47:40Z,1857,18158,87.75,0
2018-08-27T16:47:40Z,1858,18299,88,0
2018-08-27T16:47:40Z,1859,19194,86.75,0
2018-08-27T16:47:40Z,1860,22035,85.25,0
2018-08-27T16:47:40Z,1861,24061,85.25,0
2018-08-27T16:47:40Z,1862,27297,86.5,0
2018-08-27T16:47:40Z,1863,33523,84,0
2018-08-27T16:47:40Z,1864,35673,84,0
2018-08-27T16:47:40Z,1865,48845,82.5,0
2018-08-27T16:47:40Z,1866,15580,82.5,0
2018-08-27T16:47:40Z,1867,31011,82.25,0
2018-08-27T16:47:40Z,1868,47945,84.25,0
2018-08-27T16:47:40Z,1869,14458,88.75,0
2018-08-27T16:47:40Z,1870,16621,86,0
2018-08-27T16:47:40Z,1871,47950,89,0
2018-08-27T16:47:38Z,1872,12867,89.5,0
2018-08-27T16:47:38Z,1873,15600,90,0
2018-08-27T16:47:38Z,1874,27184,92.5,0
2018-08-27T16:47:38Z,1875,29348,95.25,0
2018-08-27T16:47:38Z,1876,35442,96,0
2018-08-27T16:47:37Z,1877,50770,100,0
2018-08-27T16:47:37Z,1878,24957,100,0
2018-08-27T16:47:36Z,1879,16568,101,0
2018-08-27T16:47:36Z,1880,24038,104.75,0
2018-08-27T16:47:36Z,1881,30368,107.5,0
2018-08-27T16:47:36Z,1882,34746,111,0
2018-08-27T16:47:36Z,1883,36261,109.75,0
2018-08-27T16:47:36Z,1884,9684,107,0
2018-08-27T16:47:36Z,1885,10495,105.5,0
2018-08-27T16:47:36Z,1886,11682,103.75,0
2018-08-27T16:47:36Z,1887,12433,105.5,0
2018-08-27T16:47:36Z,1888,13664,107,0
2018-08-27T16:47:36Z,1889,21039,107.25,0
2018-08-27T16:47:36Z,1890,21360,108.25,0
2018-08-27T16:47:36Z,1891,22184,109,0
2018-08-27T16:47:36Z,1892,23700,109,0
2018-08-27T16:47:36Z,1893,25269,109.7,0
2018-08-27T16:47:36Z,1894,28388,106.75,0
2018-08-27T16:47:36Z,1895,29313,101.5,0
2018-08-27T16:47:36Z,1896,29846,105,0
2018-08-27T16:47:36Z,1897,7791,111.25,0
2018-08-27T16:47:36Z,1898,8006,106.25,0
2018-08-27T16:47:36Z,1899,10696,91,0
2018-08-27T16:47:36Z,1900,13053,57,0
2018-08-27T16:47:36Z,1901,13586,88,0
2018-08-27T16:47:36Z,1902,15030,72.5,0
2018-08-27T16:47:36Z,1903,18228,79,0
2018-08-27T16:47:36Z,1904,18291,67.5,0
2018-08-27T16:47:36Z,1905,18610,56,0
2018-08-27T16:47:36Z,1906,18715,54,0
2018-08-27T16:47:36Z,1907,19539,57,0
2018-08-27T16:47:36Z,1908,19632,62,0
2018-08-27T16:47:36Z,1909,21203,68,0
2018-08-27T16:47:36Z,1910,21374,69,0
2018-08-27T16:47:36Z,1911,21670,66,0
2018-08-27T16:47:36Z,1912,21697,67,0
2018-08-27T16:47:36Z,1913,22042,66.5,0
2018-08-27T16:47:36Z,1914,22262,68.5,0
2018-08-27T16:47:36Z,1915,23414,69,0
2018-08-27T16:47:36Z,1916,23938,70,0
2018-08-27T16:47:36Z,1917,25527,69,0
2018-08-27T16:47:36Z,1918,26139,71,0
2018-08-27T16:47:36Z,1919,27605,73,0
2018-08-27T16:47:36Z,1920,27935,73,0
2018-08-27T16:47:36Z,1921,28792,73,0
2018-08-27T16:47:36Z,1922,29036,74,0
2018-08-27T16:47:36Z,1923,29423,75,0
2018-08-27T16:47:36Z,1924,29629,75,0
2018-08-27T16:47:36Z,1925,30688,82,0
2018-08-27T16:47:36Z,1926,31790,82,0
2018-08-27T16:47:36Z,1927,32034,82,0
2018-08-27T16:47:36Z,1928,32650,87,0
2018-08-27T16:47:36Z,1929,32657,100,0
2018-08-27T16:47:36Z,1930,32758,105,0
2018-08-27T16:47:36Z,1931,33555,105,0
2018-08-27T16:47:36Z,1932,33635,105,0
2018-08-27T16:47:36Z,1933,34047,101,0
2018-08-27T16:47:36Z,1934,35313,100.5,0
2018-08-27T16:47:36Z,1935,36571,99.5,0
2018-08-27T16:47:36Z,1936,45062,98.2083,0
2018-08-27T16:47:36Z,1937,47439,94.625,0
2018-08-27T16:47:36Z,1938,47954,99.6667,0
2018-08-27T16:47:36Z,1939,48623,102.6667,0
2018-08-27T16:47:36Z,1940,49247,103.3333,0
2018-08-27T16:47:36Z,1941,50097,107,0
2018-08-27T16:47:36Z,1942,50686,107,0
2018-08-27T16:47:36Z,1943,53860,107,0
2018-08-27T16:47:36Z,1944,59759,109.5,0
2018-08-27T16:47:31Z,1945,8613,101.75,0
2018-08-27T16:47:31Z,1946,24679,100.75,0
2018-08-27T16:47:31Z,1947,32991,97.75,0
2018-08-27T16:47:31Z,1948,34047,94,0
2018-08-27T16:47:31Z,1949,1961,94,0
2018-08-27T16:47:31Z,1950,4778,88.5,0
2018-08-27T16:47:31Z,1951,6958,88.25,0
2018-08-27T16:47:31Z,1952,9683,87.75,0
2018-08-27T16:47:31Z,1953,10089,87.25,0
2018-08-27T16:47:31Z,1954,10131,89.25,0
2018-08-27T16:47:31Z,1955,12795,87,0
2018-08-27T16:47:30Z,1956,13315,85.5,0
2018-08-27T16:47:30Z,1957,14000,82,0
2018-08-27T16:47:30Z,1958,17850,81.5,0
2018-08-27T16:47:30Z,1959,18228,81,0
2018-08-27T16:47:30Z,1960,19539,83,0
2018-08-27T16:47:30Z,1961,26704,83,0
2018-08-27T16:47:30Z,1962,29812,83,0
2018-08-27T16:47:30Z,1963,32573,83.75,0
2018-08-27T16:47:30Z,1964,34226,85.25,0
2018-08-27T16:47:30Z,1965,36861,86.25,0
2018-08-27T16:47:30Z,1966,4509,86.75,0
2018-08-27T16:47:30Z,1967,5036,90.5,0
2018-08-27T16:47:30Z,1968,5874,89,0
2018-08-27T16:47:30Z,1969,10537,88.75,0
2018-08-27T16:47:30Z,1970,13174,86,0
2018-08-27T16:47:30Z,1971,13381,82.75,0
2018-08-27T16:47:30Z,1972,14112,78.75,0
2018-08-27T16:47:30Z,1973,14686,77.25,0
2018-08-27T16:47:30Z,1974,17976,77.25,0
2018-08-27T16:47:30Z,1975,20294,78,0
2018-08-27T16:47:30Z,1976,21300,75.75,0
2018-08-27T16:47:30Z,1977,22118,71.25,0
2018-08-27T16:47:30Z,1978,23417,71,0
2018-08-27T16:47:30Z,1979,26542,71.25,0
2018-08-27T16:47:30Z,1980,27435,72.5,0
2018-08-27T16:47:30Z,1981,27969,74.25,0
2018-08-27T16:47:30Z,1982,28375,72,0
2018-08-27T16:47:30Z,1983,30293,69.5,0
2018-08-27T16:47:30Z,1984,32704,69,0
2018-08-23T20:48:09Z,1985,32861,67.75,0
2018-08-20T15:51:34Z,1986,33043,67.75,0
2018-08-12T14:14:16Z,1987,33395,68.75,0
2018-08-12T14:14:16Z,1988,35464,68.75,0
2018-08-12T14:14:16Z,1989,36714,70.75,0
2018-08-12T14:14:16Z,1990,37256,70.5,0
2018-08-12T14:14:16Z,1991,48513,70.5,0
2018-08-12T14:14:16Z,1992,50754,71,0
2018-08-12T14:14:16Z,1993,57670,76.2,0
2018-08-12T14:14:16Z,1994,57772,75.5,0
2018-08-12T14:14:16Z,1995,9307,77,0
2018-08-12T14:14:16Z,1996,24488,76.75,0
2018-08-12T14:14:16Z,1997,29123,77.75,0
2018-08-12T14:14:16Z,1998,29267,78.5,0
2018-08-12T14:14:16Z,1999,7445,79.67,0
2018-08-12T14:14:16Z,2000,25831,320,0
2018-08-12T14:14:16Z,2001,9999,325,0
2018-08-12T14:14:16Z,2002,21170,325,0
2018-08-12T14:14:16Z,2003,34158,330,0
2018-08-12T14:14:16Z,2004,35020,335,0
2018-08-12T14:14:16Z,2005,52874,345,0
2018-08-12T14:14:16Z,2006,5342,345,0
2018-08-12T14:14:16Z,2007,10524,345,0
2018-08-12T14:14:16Z,2008,11970,345,0
2018-07-26T20:14:53Z,2009,12909,365,0
2018-07-26T20:14:53Z,2010,46230,400,0
2018-07-26T20:14:53Z,2011,18650,400,0
2018-07-26T20:14:53Z,2012,21374,375,0
2018-07-26T20:14:53Z,2013,24584,400,0
2018-07-26T20:14:53Z,2014,25462,420,0
2018-07-26T20:14:53Z,2015,29502,425,0
2018-07-26T20:14:53Z,2016,30265,440,0
2018-07-26T20:14:53Z,2017,48395,445,0
2018-07-26T20:14:53Z,2018,50999,445,0
2018-07-26T20:14:53Z,2019,6112,425,0
2018-07-26T20:14:53Z,2020,6470,480,0
2018-07-26T20:14:53Z,2021,6958,425,0
2018-07-26T20:14:53Z,2022,7184,480,0
2018-07-26T20:14:53Z,2023,8761,500,0
2018-07-26T20:14:53Z,2024,12634,530,0
2018-07-26T20:14:53Z,2025,17671,479,0
2018-07-26T20:14:53Z,2026,23222,480,0
2018-07-26T20:14:53Z,2027,23806,485,0
2018-07-26T20:14:53Z,2028,26526,515,0
2018-07-26T20:14:53Z,2029,28792,480,0
2018-07-26T20:14:53Z,2030,28999,480,0
2018-07-26T20:14:53Z,2031,30518,480,0
2018-07-26T20:14:53Z,2032,37035,530,0
2018-07-26T20:14:53Z,2033,45017,530,0
2018-07-26T20:14:53Z,2034,52612,485,0
2018-07-26T20:14:53Z,2035,12057,480,0
2018-07-26T20:14:53Z,2036,22883,480,0
2018-07-26T20:14:53Z,2037,25426,485,0
2018-07-26T20:14:53Z,2038,30813,530,0
2018-07-26T20:14:53Z,2039,34435,530,0
2018-07-26T20:14:53Z,2040,34436,530,0
2018-07-26T20:14:53Z,2041,36806,530,0
2018-07-26T20:14:53Z,2042,50239,530,0
2018-07-26T20:14:27Z,2043,50242,530,0
2018-07-26T20:14:27Z,2044,51353,530,0
2018-07-20T18:16:33Z,2045,6511,530,0
2018-07-20T18:16:32Z,2046,8341,530,0
2018-07-20T18:16:32Z,2047,18929,530,0
2018-07-20T18:16:32Z,2048,23417,530,0
2018-07-20T18:16:32Z,2049,25925,510,0
2018-07-20T18:16:32Z,2050,53875,480,0
2018-07-20T18:15:59Z,2051,21514,480,0
2018-07-20T18:14:53Z,2052,36983,530,0
2018-07-20T18:14:53Z,2053,5025,530,0
2018-07-20T18:13:49Z,2054,6039,530,0
2018-07-20T18:13:18Z,2055,9607,530,0
2018-07-20T18:13:00Z,2056,23548,530,0
2018-07-20T18:13:00Z,2057,30224,530,0
2018-07-20T18:12:57Z,2058,33469,530,0
2018-07-20T18:12:51Z,2059,33549,530,0
2018-07-20T18:12:51Z,2060,57530,530,0
2018-07-20T18:12:51Z,2061,21686,530,0
2018-07-20T18:12:51Z,2062,7045,530,0
2018-07-20T18:12:51Z,2063,45372,530,0
2018-07-03T12:14:19Z,2064,45830,530,0
2018-07-03T12:14:19Z,2065,10126,530,0
2018-07-03T12:13:12Z,2066,35752,530,0
2018-07-03T12:13:12Z,2067,13604,530,0
2018-07-03T12:13:12Z,2068,17483,530,0
2018-07-03T12:13:12Z,2069,30554,530,0
2018-07-02T18:00:04Z,2070,35070,530,0
2018-07-02T17:58:32Z,2071,10334,530,0
2018-07-02T17:58:32Z,2072,49721,530,0
2018-07-02T17:58:32Z,2073,53441,530,0
2018-07-02T17:58:32Z,2074,5439,530,0
2018-07-02T17:58:32Z,2075,12201,530,0
2018-07-02T17:58:32Z,2076,14510,530,0
2018-07-02T17:58:13Z,2077,19479,530,0
2018-07-02T17:57:27Z,2078,23562,530,0
2018-07-02T17:57:27Z,2079,25735,530,0
2018-07-02T17:57:27Z,2080,53017,530,0
2018-07-02T17:57:27Z,2081,10640,530,0
2018-07-02T17:57:27Z,2082,45571,530,0
2018-07-02T17:57:18Z,2083,56734,530,0
2018-07-02T13:23:49Z,2084,59678,530,0
2018-07-02T13:23:49Z,2085,9035,530,0
2018-07-01T21:28:06Z,2086,11177,530,0
2018-07-01T21:25:22Z,2087,15577,530,0
2018-07-01T21:25:22Z,2088,26439,530,0
2018-07-01T21:25:22Z,2089,7846,530,0
2018-07-01T21:25:22Z,2090,25341,530,0
2018-07-01T21:25:22Z,2091,8947,530,0
2018-07-01T18:39:58Z,2092,17025,530,0
2018-07-01T18:39:58Z,2093,27516,530,0
2018-07-01T17:43:26Z,2094,29092,530,0
2018-07-01T17:43:26Z,2095,4387,530,0
2018-07-01T17:41:53Z,2096,4614,530,0
2018-07-01T07:55:11Z,2097,7350,530,0
2018-07-01T07:55:11Z,2098,32573,530,0
2018-06-30T22:42:58Z,2099,45197,530,0
2018-06-30T22:42:58Z,2100,49247,530,0
2018-06-30T22:42:53Z,2101,51828,530,0
2018-06-30T22:42:03Z,2102,57578,530,0
2018-06-30T22:41:27Z,2103,14226,530,0
2018-06-30T18:57:05Z,2104,15404,530,0
2018-06-30T18:57:05Z,2105,25795,530,0
2018-06-30T18:57:05Z,2106,6949,530,0
2018-06-30T18:57:05Z,2107,7912,530,0
2018-06-30T18:57:05Z,2108,8841,530,0
2018-06-30T18:57:05Z,2109,13095,480,0
2018-06-30T18:54:04Z,2110,21907,530,0
2018-06-30T18:54:04Z,2111,25247,530,0
2018-06-30T18:54:04Z,2112,27886,530,0
2018-06-30T18:53:52Z,2113,30371,530,0
2018-06-30T18:53:44Z,2114,52943,530,0
2018-06-30T18:53:44Z,2115,55933,530,0
2018-06-30T18:53:43Z,2116,6439,530,0
2018-06-30T18:53:43Z,2117,6687,530,0
2018-06-30T18:53:43Z,2118,7045,225,0
2018-06-30T18:53:43Z,2119,7064,230,0
2018-06-30T18:53:43Z,2120,9614,250,0
2018-06-30T18:53:43Z,2121,10452,240,0
2018-06-30T18:53:43Z,2122,23806,220,0
2018-06-30T18:53:43Z,2123,25246,205,0
2018-06-30T18:53:43Z,2124,26784,200,0
2018-06-30T18:53:43Z,2125,26949,230,0
2018-06-30T18:53:43Z,2126,31011,255,0
2018-06-30T18:53:43Z,2127,57937,255,0
2018-06-30T18:53:43Z,2128,12768,260,0
2018-06-30T18:53:43Z,2129,31011,260,0
2018-06-30T18:53:43Z,2130,32573,260,0
2018-06-30T18:53:43Z,2131,53600,265,0
2018-06-30T18:53:43Z,2132,53682,285,0
2018-06-30T18:53:43Z,2133,56625,295,0
2018-06-30T18:53:43Z,2134,20838,310,0
2018-06-30T18:53:43Z,2135,22691,320,0
2018-06-30T18:53:43Z,2136,7489,330,0
2018-06-30T18:51:41Z,2137,25788,345,0
2018-06-30T18:51:41Z,2138,28290,530,0
2018-06-30T18:46:30Z,2139,46614,515,0
2018-06-30T18:02:00Z,2140,15830,515,0
2018-06-30T17:52:37Z,2141,21374,515,0
2018-06-29T19:36:22Z,2142,27214,515,0
2018-06-29T19:36:22Z,2143,28850,402,0
2018-06-29T19:36:22Z,2144,8261,370,0
2018-06-29T19:36:22Z,2145,18651,390,0
2018-06-29T19:36:22Z,2146,20455,345,0
2018-06-29T19:35:18Z,2147,20838,400,0
2018-06-29T19:35:18Z,2148,23564,355,0
2018-06-29T19:35:18Z,2149,25234,345,0
2018-06-29T19:35:18Z,2150,30009,345,0
2018-06-29T19:35:18Z,2151,30518,345,0
2018-06-29T19:35:18Z,2152,32855,345,0
2018-06-29T19:35:18Z,2153,32991,345,0
2018-06-29T19:35:18Z,2154,46274,345,0
2018-06-29T19:35:18Z,2155,50155,345,0
2018-06-29T19:35:18Z,2156,57513,345,0
2018-06-29T19:35:18Z,2157,40038,345,0
2018-06-29T19:35:18Z,2158,40337,345,0
2018-06-29T19:35:18Z,2159,40507,345,0
2018-06-29T19:35:18Z,2160,40555,345,0
2018-06-29T19:35:18Z,2161,46861,345,0
2018-06-29T19:35:18Z,2162,40157,345,0
2018-06-29T19:35:18Z,2163,40353,345,0
2018-06-29T19:35:18Z,2164,40607,345,0
2018-06-29T19:35:18Z,2165,40666,345,0
2018-06-29T19:35:18Z,2166,40820,345,0
2018-06-29T19:35:18Z,2167,40872,345,0
2018-06-29T19:35:18Z,2168,40932,345,0
2018-06-29T19:35:18Z,2169,40980,320,0
2018-06-29T19:35:18Z,2170,46836,345,0
2018-06-29T19:35:18Z,2171,54293,360,0
2018-06-29T19:35:18Z,2172,9422,345,0
2018-06-29T19:35:18Z,2173,10588,345,0
2018-06-29T19:35:18Z,2174,12677,345,0
2018-06-29T19:35:18Z,2175,14223,345,0
2018-06-29T19:35:18Z,2176,19928,435,0
2018-06-29T19:35:18Z,2177,23443,505,0
2018-06-29T19:35:18Z,2178,24500,460,0
2018-06-29T19:35:18Z,2179,28353,430,0
2018-06-29T19:35:18Z,2180,28878,400,0
2018-06-29T19:35:18Z,2181,29266,425,0
2018-06-29T19:35:18Z,2182,32721,415,0
2018-06-29T19:35:18Z,2183,49849,400,0
2018-06-29T19:35:18Z,2184,31707,345,0
2018-06-29T19:35:18Z,2185,36558,365,0
2018-06-29T19:35:18Z,2186,54551,400,0
2018-06-29T19:35:18Z,2187,57396,400,0
2018-06-29T19:35:18Z,2188,9035,400,0
2018-06-29T19:35:18Z,2189,9281,345,0
2018-06-29T19:35:18Z,2190,17833,380,0
2018-06-29T19:35:18Z,2191,13619,400,0
2018-06-29T19:35:18Z,2192,20346,345,0
2018-06-29T19:35:18Z,2193,23443,380,0
2018-06-29T19:35:18Z,2194,28878,400,0
2018-06-29T19:35:18Z,2195,5461,400,0
2018-06-29T19:35:18Z,2196,7778,400,0
2018-06-29T19:35:18Z,2197,11781,400,0
2018-06-29T19:35:18Z,2198,11864,400,0
2018-06-29T19:35:18Z,2199,15295,400,0
2018-06-29T19:35:18Z,2200,23896,400,0
2018-06-29T19:35:18Z,2201,27592,400,0
2018-06-29T19:35:18Z,2202,46639,400,0
2018-06-29T19:35:18Z,2203,49372,400,0
2018-06-29T19:35:18Z,2204,31300,375,0
2018-06-29T19:35:18Z,2205,9347,400,0
2018-06-29T19:35:18Z,2206,20425,400,0
2018-06-29T19:35:18Z,2207,24601,400,0
2018-06-29T19:35:18Z,2208,33382,400,0
2018-06-29T19:35:18Z,2209,4525,400,0
2018-06-29T19:35:18Z,2210,4594,400,0
2018-06-29T19:35:18Z,2211,4800,345,0
2018-06-29T19:35:18Z,2212,5571,345,0
2018-06-29T19:35:18Z,2213,5798,345,0
2018-06-29T19:35:18Z,2214,6584,345,0
2018-06-29T19:35:18Z,2215,7112,345,0
2018-06-29T19:35:18Z,2216,7816,345,0
2018-06-29T19:35:18Z,2217,8443,345,0
2018-06-29T19:35:18Z,2218,8828,345,0
2018-06-29T19:35:18Z,2219,8924,345,0
2018-06-29T19:35:18Z,2220,9583,345,0
2018-06-29T19:35:18Z,2221,9687,375,0
2018-06-29T19:35:18Z,2222,9731,345,0
2018-06-29T19:35:18Z,2223,10801,375,0
2018-06-29T19:35:18Z,2224,12370,375,0
2018-06-29T19:35:18Z,2225,12380,375,0
2018-06-29T19:35:18Z,2226,15578,345,0
2018-06-29T19:35:18Z,2227,15584,345,0
2018-06-29T19:35:18Z,2228,15837,345,0
2018-06-29T19:35:18Z,2229,16908,345,0
2018-06-29T19:35:18Z,2230,18756,345,0
2018-06-29T19:35:18Z,2231,19191,345,0
2018-06-29T19:35:18Z,2232,19391,345,0
2018-06-29T19:35:18Z,2233,19585,345,0
2018-06-29T19:35:18Z,2234,19998,345,0
2018-06-29T19:35:18Z,2235,20156,345,0
2018-06-29T19:35:18Z,2236,20806,335,0
2018-06-29T19:35:18Z,2237,21274,250,0
2018-06-29T19:35:18Z,2238,21862,260,0
2018-06-29T19:35:18Z,2239,23497,285,0
2018-06-29T19:35:18Z,2240,23995,290,0
2018-06-29T19:35:18Z,2241,24049,260,0
2018-06-29T19:35:18Z,2242,24333,250,0
2018-06-29T19:35:18Z,2243,25006,285,0
2018-06-29T19:35:18Z,2244,26638,250,0
2018-06-29T19:35:18Z,2245,26718,250,0
2018-06-29T19:35:18Z,2246,26939,320,0
2018-06-29T19:35:18Z,2247,29030,300,0
2018-06-29T19:35:18Z,2248,30130,350,0
2018-06-29T19:35:18Z,2249,30544,350,0
2018-06-29T19:35:18Z,2250,31226,355,0
2018-06-29T19:35:18Z,2251,31889,420,0
2018-06-29T19:35:18Z,2252,32218,490,0
2018-06-29T19:35:18Z,2253,32549,490,0
2018-06-29T19:35:18Z,2254,33307,500,0
2018-06-29T19:35:18Z,2255,33635,678,0
2018-06-29T19:35:18Z,2256,35695,500,0
2018-06-29T19:35:18Z,2257,36087,440,0
2018-06-29T19:35:18Z,2258,36682,465,0
2018-06-29T19:35:18Z,2259,36718,640,0
2018-06-29T19:35:18Z,2260,36861,460,0
2018-06-29T19:35:18Z,2261,37396,435,0
2018-06-29T19:35:18Z,2262,47952,435,0
2018-06-29T19:35:18Z,2263,48035,490,0
2018-06-29T19:35:18Z,2264,48382,490,0
2018-06-29T19:35:18Z,2265,48395,545,0
2018-06-29T19:35:18Z,2266,48624,545,0
2018-06-29T19:35:18Z,2267,48700,500,0
2018-06-29T19:35:18Z,2268,51731,490,0
2018-06-29T19:35:18Z,2269,51918,490,0
2018-06-29T19:35:18Z,2270,51976,490,0
2018-06-29T19:35:18Z,2271,52225,490,0
2018-06-29T19:35:18Z,2272,52470,490,0
2018-06-29T19:35:18Z,2273,54503,495,0
2018-06-29T19:35:18Z,2274,56312,545,0
2018-06-29T19:35:18Z,2275,56677,545,0
2018-06-29T19:35:18Z,2276,57963,545,0
2018-06-29T19:35:18Z,2277,60521,545,0
2018-06-29T19:35:18Z,2278,4611,570,0
2018-06-29T19:35:18Z,2279,4723,590,0
2018-06-29T19:35:18Z,2280,5877,650,0
2018-06-29T19:35:18Z,2281,5986,705,0
2018-06-29T19:35:18Z,2282,6933,650,0
2018-06-29T19:35:18Z,2283,7799,575,0
2018-06-29T19:35:18Z,2284,14680,545,0
2018-06-29T19:35:18Z,2285,14931,565,0
2018-06-29T19:26:57Z,2286,16568,565,0
2018-06-29T19:26:57Z,2287,19543,575,0
2018-06-29T19:26:57Z,2288,19864,605,0
2018-06-29T19:25:41Z,2289,22191,650,0
2018-06-29T19:25:41Z,2290,22573,650,0
2018-06-29T19:25:41Z,2291,24038,650,0
2018-06-29T19:23:27Z,2292,24941,650,0
2018-06-29T19:23:27Z,2293,25377,650,0
2018-06-29T19:23:27Z,2294,25713,600,0
2018-06-29T19:23:27Z,2295,25718,545,0
2018-06-29T19:23:02Z,2296,26542,580,0
2018-06-29T19:23:02Z,2297,27258,545,0
2018-06-29T19:23:02Z,2298,28961,665,0
2018-06-29T19:23:02Z,2299,29675,650,0
2018-06-29T19:23:02Z,2300,30293,735,0
2018-06-29T19:23:02Z,2301,31962,760,0
2018-06-29T19:23:02Z,2302,32155,760,0
2018-06-29T19:23:02Z,2303,32190,795,0
2018-06-26T20:13:22Z,2304,33673,955,0
2018-06-26T20:13:19Z,2305,34197,850,0
2018-06-26T03:05:42Z,2306,34494,635,0
2018-06-26T03:05:42Z,2307,36235,680,0
2018-06-26T03:05:42Z,2308,37273,650,0
2018-06-26T03:04:02Z,2309,44983,715,0
2018-06-26T03:04:02Z,2310,47324,760,0
2018-06-26T03:04:02Z,2311,51530,760,0
2018-06-26T03:04:02Z,2312,52037,760,0
2018-06-26T03:04:02Z,2313,5468,685,0
2018-06-26T03:04:02Z,2314,9746,650,0
2018-06-26T03:04:02Z,2315,20331,650,0
2018-06-26T03:04:02Z,2316,21103,650,0
2018-06-26T03:04:02Z,2317,22818,650,0
2018-06-26T03:04:02Z,2318,23344,650,0
2018-06-26T03:04:02Z,2319,26657,650,0
2018-06-26T03:04:02Z,2320,33665,650,0
2018-06-26T03:04:02Z,2321,35500,650,0
2018-06-26T03:04:02Z,2322,46736,650,0
2018-06-26T03:04:02Z,2323,53772,650,0
2018-06-26T03:04:02Z,2324,57959,645,0
2018-06-26T03:04:02Z,2325,13148,545,0
2018-06-26T03:04:02Z,2326,20676,545,0
2018-06-26T03:04:02Z,2327,51626,545,0
2018-06-26T03:04:02Z,2328,8910,545,0
2018-06-26T03:04:02Z,2329,10334,545,0
2018-06-26T03:04:02Z,2330,21376,545,0
2018-06-26T03:04:02Z,2331,21777,545,0
2018-06-26T03:04:02Z,2332,31830,545,0
2018-06-26T03:04:02Z,2333,34244,760,0
2018-06-26T03:04:02Z,2334,37338,675,0
2018-06-26T03:04:02Z,2335,53441,690,0
2018-06-26T03:04:02Z,2336,4365,705,0
2018-06-26T03:04:02Z,2337,6220,705,0
2018-06-26T03:04:02Z,2338,7045,680,0
2018-06-26T03:04:02Z,2339,8522,650,0
2018-06-26T03:04:02Z,2340,13568,610,0
2018-06-26T03:04:02Z,2341,15981,625,0
2018-06-26T03:04:02Z,2342,20619,600,0
2018-06-26T03:04:02Z,2343,21170,545,0
2018-06-26T03:04:02Z,2344,25583,545,0
2018-06-26T03:04:02Z,2345,29847,545,0
2018-06-26T03:04:02Z,2346,32455,650,0
2018-06-26T03:04:02Z,2347,32790,545,0
2018-06-26T03:04:02Z,2348,33926,545,0
2018-06-26T03:04:02Z,2349,45330,650,0
2018-06-26T03:04:02Z,2350,60521,600,0
2018-06-26T03:04:02Z,2351,11830,650,0
2018-06-26T03:04:02Z,2352,21719,545,0
2018-06-25T23:29:56Z,2353,54305,110,0
2018-06-25T23:29:56Z,2354,5295,115,0
2018-06-25T23:29:56Z,2355,13312,125,0
2018-06-25T23:29:56Z,2356,21932,125,0
2018-06-25T23:29:56Z,2357,22615,125,0
2018-06-25T23:29:56Z,2358,25643,110,0
2018-06-25T23:29:56Z,2359,27834,125,0
2018-06-25T23:29:56Z,2360,35607,135,0
2018-06-25T23:29:56Z,2361,55045,135,0
2018-06-25T23:29:56Z,2362,6060,130,0
2018-06-25T09:01:00Z,2363,9281,180,0
2018-06-25T09:00:46Z,2364,11210,190,0
2018-06-25T09:00:46Z,2365,14755,190,0
2018-06-25T09:00:46Z,2366,14920,215,0
2018-06-25T09:00:39Z,2367,15692,230,0
2018-06-25T09:00:39Z,2368,20684,260,0
2018-06-25T09:00:39Z,2369,21679,275,0
2018-06-25T09:00:39Z,2370,23569,330,0
2018-06-25T09:00:39Z,2371,36642,400,0
2018-06-25T09:00:39Z,2372,36746,245,0
2018-06-25T09:00:39Z,2373,44944,245,0
2018-06-25T09:00:39Z,2374,51635,200,0
2018-06-25T09:00:39Z,2375,8916,220,0
2018-06-25T09:00:39Z,2376,13665,230,0
2018-06-25T09:00:38Z,2377,14317,275,0
2018-06-25T09:00:38Z,2378,14629,275,0
2018-06-25T09:00:38Z,2379,14686,275,0
2018-06-25T09:00:38Z,2380,19477,310,0
2018-06-25T09:00:32Z,2381,23268,320,0
2018-06-25T09:00:25Z,2382,24155,275,0
2018-06-25T09:00:25Z,2383,24560,295,0
2018-06-25T09:00:21Z,2384,33395,200,0
2018-06-25T09:00:21Z,2385,34200,150,0
2018-06-25T09:00:16Z,2386,35490,160,0
2018-06-25T09:00:16Z,2387,52320,160,0
2018-06-25T09:00:16Z,2388,4393,190,0
2018-06-25T09:00:16Z,2389,4500,190,0
2018-06-25T09:00:16Z,2390,4698,210,0
2018-06-25T09:00:16Z,2391,5267,190,0
2018-06-25T09:00:16Z,2392,7870,205,0
2018-06-25T09:00:15Z,2393,8902,235,0
2018-06-25T09:00:15Z,2394,8970,225,0
2018-06-25T09:00:15Z,2395,9641,225,0
2018-06-25T09:00:15Z,2396,10061,220,0
2018-06-25T09:00:09Z,2397,10746,225,0
2018-06-25T09:00:08Z,2398,11487,230,0
2018-06-25T09:00:08Z,2399,12193,220,0
2018-06-25T09:00:08Z,2400,12403,220,0
2018-06-25T09:00:08Z,2401,14172,210,0
2018-06-25T09:00:08Z,2402,15351,220,0
2018-06-25T09:00:08Z,2403,15633,225,0
2018-06-25T09:00:08Z,2404,16595,275,0
2018-06-25T09:00:08Z,2405,17370,275,0
2018-06-25T09:00:08Z,2406,20606,275,0
2018-06-25T09:00:06Z,2407,24522,275,0
2018-06-25T09:00:04Z,2408,25123,280,0
2018-06-25T08:59:59Z,2409,25300,220,0
2018-06-25T08:59:59Z,2410,25377,220,0
2018-06-25T08:59:59Z,2411,25438,200,0
2018-06-25T08:59:59Z,2412,25643,245,0
2018-06-25T08:59:59Z,2413,26068,245,0
2018-06-25T08:59:59Z,2414,26153,235,0
2018-06-25T08:59:59Z,2415,26769,220,0
2018-06-25T08:59:59Z,2416,28107,245,0
2018-06-25T08:59:59Z,2417,28289,225,0
2018-06-25T08:59:59Z,2418,28315,220,0
2018-06-25T08:59:59Z,2419,28375,275,0
2018-06-25T08:59:59Z,2420,29670,255,0
2018-06-25T08:59:59Z,2421,30003,235,0
2018-06-25T08:59:59Z,2422,30031,235,0
2018-06-25T08:59:46Z,2423,30329,220,0
2018-06-25T08:59:46Z,2424,31063,220,0
2018-06-25T08:59:46Z,2425,31136,220,0
2018-06-25T08:59:43Z,2426,31361,220,0
2018-06-25T08:59:43Z,2427,32024,275,0
2018-06-25T08:59:43Z,2428,32892,275,0
2018-06-25T08:59:42Z,2429,33493,275,0
2018-06-25T08:59:42Z,2430,33550,275,0
2018-06-25T08:59:42Z,2431,34315,275,0
2018-06-25T08:59:30Z,2432,34710,225,0
2018-06-25T08:59:14Z,2433,34935,210,0
2018-06-25T08:59:14Z,2434,35562,210,0
2018-06-25T08:59:10Z,2435,35735,210,0
2018-06-25T08:59:08Z,2436,35979,210,0
2018-06-25T08:59:08Z,2437,36096,210,0
2018-06-25T08:59:02Z,2438,36795,210,0
2018-06-25T08:59:02Z,2439,45074,220,0
2018-06-25T08:59:02Z,2440,45152,220,0
2018-06-25T08:59:02Z,2441,45248,220,0
2018-06-25T08:59:02Z,2442,45275,220,0
2018-06-25T08:59:02Z,2443,45386,220,0
2018-06-25T08:59:01Z,2444,46621,175,0
2018-06-25T08:59:01Z,2445,48453,165,0
2018-06-25T08:59:01Z,2446,48640,165,0
2018-06-25T08:59:01Z,2447,49610,165,0
2018-06-25T08:59:01Z,2448,49647,180,0
2018-06-25T08:58:57Z,2449,49677,165,0
2018-06-25T08:58:57Z,2450,51125,165,0
2018-06-25T08:58:53Z,2451,51510,210,0
2018-06-25T08:58:52Z,2452,51692,230,0
2018-06-25T08:58:51Z,2453,54858,275,0
2018-06-25T08:58:51Z,2454,56531,245,0
2018-06-25T08:58:49Z,2455,15076,275,0
2018-06-25T08:58:48Z,2456,22061,265,0
2018-06-25T08:58:46Z,2457,5919,275,0
2018-06-25T08:58:46Z,2458,34436,245,0
2018-06-25T08:58:41Z,2459,16123,245,0
2018-06-25T08:58:39Z,2460,28258,275,0
2018-06-25T08:58:39Z,2461,57837,165,0
2018-06-25T08:58:39Z,2462,57881,245,0
2018-06-25T08:58:39Z,2463,34047,275,0
2018-06-25T08:58:39Z,2464,5984,330,0
2018-06-25T08:58:39Z,2465,7906,275,0
2018-06-25T08:58:39Z,2466,9183,245,0
2018-06-25T08:58:39Z,2467,11564,165,0
2018-06-25T08:58:37Z,2468,13174,165,0
2018-06-25T08:58:33Z,2469,15001,190,0
2018-06-25T08:58:28Z,2470,15299,220,0
2018-06-25T08:58:28Z,2471,20806,320,0
2018-06-25T08:58:26Z,2472,21686,320,0
2018-06-25T08:58:22Z,2473,21777,320,0
2018-06-25T08:58:22Z,2474,24492,180,0
2018-06-25T08:58:22Z,2475,24835,180,0
2018-06-25T08:58:22Z,2476,25187,215,0
2018-06-25T08:58:22Z,2477,32926,215,0
2018-06-25T08:58:22Z,2478,33156,235,0
2018-06-25T08:58:22Z,2479,33266,185,0
2018-06-25T08:58:22Z,2480,33670,180,0
2018-06-25T08:58:22Z,2481,34124,180,0
2018-06-25T08:58:22Z,2482,35802,180,0
2018-06-25T08:58:22Z,2483,36714,180,0
2018-06-25T08:58:22Z,2484,46016,180,0
2018-06-25T08:58:22Z,2485,46154,210,0
2018-06-25T08:58:22Z,2486,46208,230,0
2018-06-25T08:58:22Z,2487,46231,187,0
2018-06-25T08:58:22Z,2488,48594,220,0
2018-06-25T08:58:22Z,2489,50180,258,0
2018-06-25T08:58:22Z,2490,50182,285,0
2018-06-25T08:58:22Z,2491,50248,305,0
2018-06-25T08:58:22Z,2492,50999,285,0
2018-06-25T08:58:22Z,2493,54381,300,0
2018-06-25T08:58:22Z,2494,54384,320,0
2018-06-25T08:58:22Z,2495,55957,342,0
2018-06-25T08:58:22Z,2496,58181,357,0
2018-06-25T08:58:22Z,2497,5195,315,0
2018-06-25T08:58:13Z,2498,6099,305,0
2018-06-25T08:58:13Z,2499,14143,355,0
2018-06-25T08:58:13Z,2500,16442,330,0
2018-06-25T08:58:10Z,2501,18661,355,0
2018-06-25T08:58:10Z,2502,26657,355,0
2018-06-25T08:58:10Z,2503,5372,350,0
2018-06-25T08:58:09Z,2504,5769,355,0
2018-06-25T08:58:09Z,2505,6989,355,0
2018-06-25T08:58:09Z,2506,8932,355,0
2018-06-25T08:58:09Z,2507,10560,330,0
2018-06-25T08:58:09Z,2508,10892,285,0
2018-06-25T08:58:09Z,2509,12034,285,0
2018-06-25T08:58:09Z,2510,13604,285,0
2018-06-25T08:58:09Z,2511,14115,285,0
2018-06-25T08:58:09Z,2512,14771,285,0
2018-06-25T08:58:09Z,2513,15634,285,0
2018-06-25T08:58:09Z,2514,28512,285,0
2018-06-25T08:58:09Z,2515,29797,285,0
2018-06-25T08:58:09Z,2516,32657,285,0
2018-06-25T08:58:09Z,2517,37313,285,0
2018-06-25T08:58:09Z,2518,37350,285,0
2018-06-25T08:58:09Z,2519,51584,285,0
2018-06-25T08:58:09Z,2520,51585,285,0
2018-06-25T08:58:09Z,2521,51614,285,0
2018-06-25T08:58:09Z,2522,6828,285,0
2018-06-25T08:58:09Z,2523,7208,285,0
2018-06-25T08:58:09Z,2524,8881,285,0
2018-06-25T08:58:09Z,2525,9698,285,0
2018-06-25T08:58:09Z,2526,13124,285,0
2018-06-25T08:58:09Z,2527,15480,285,0
2018-06-25T08:58:09Z,2528,25651,285,0
2018-06-25T08:58:09Z,2529,28827,285,0
2018-06-25T08:58:09Z,2530,29298,285,0
2018-06-25T08:58:09Z,2531,30453,285,0
2018-06-25T08:58:09Z,2532,31898,285,0
2018-06-25T08:58:09Z,2533,52278,285,0
2018-06-25T08:58:09Z,2534,52729,285,0
2018-06-25T08:58:09Z,2535,54964,285,0
2018-06-25T08:58:09Z,2536,58750,285,0
2018-06-25T08:58:09Z,2537,8458,355,0
2018-06-25T08:58:09Z,2538,9161,355,0
2018-06-25T08:58:04Z,2539,9492,430,0
2018-06-25T08:57:54Z,2540,11203,410,0
2018-06-25T08:57:48Z,2541,13859,355,0
2018-06-25T08:57:46Z,2542,16736,355,0
2018-06-25T08:57:46Z,2543,17885,355,0
2018-06-25T08:57:44Z,2544,20274,355,0
2018-06-25T08:57:44Z,2545,20299,400,0
2018-06-25T08:57:44Z,2546,22166,400,0
2018-06-25T08:57:44Z,2547,23417,430,0
2018-06-25T08:57:44Z,2548,25633,430,0
2018-06-25T08:57:44Z,2549,26830,465,0
2018-06-25T08:57:33Z,2550,27186,465,0
2018-06-25T08:57:26Z,2551,31913,430,0
2018-06-25T08:57:26Z,2552,32412,430,0
2018-06-25T08:57:26Z,2553,34021,430,0
2018-06-25T08:57:26Z,2554,34385,430,0
2018-06-25T08:57:26Z,2555,45020,430,0
2018-06-25T08:57:22Z,2556,53227,430,0
2018-06-25T08:57:22Z,2557,58498,430,0
2018-06-25T08:57:13Z,2558,11570,430,0
2018-06-25T08:57:13Z,2559,12502,430,0
2018-06-25T08:57:12Z,2560,17729,430,0
2018-06-25T08:57:12Z,2561,28633,430,0
2018-06-25T08:57:12Z,2562,30529,430,0
2018-06-25T08:56:49Z,2563,56310,430,0
2018-06-25T08:56:46Z,2564,57345,430,0
2018-06-25T08:56:46Z,2565,4649,430,0
2018-06-25T08:56:46Z,2566,7397,285,0
2018-06-25T08:56:46Z,2567,8639,215,0
2018-06-25T08:56:46Z,2568,12394,285,0
2018-06-25T08:56:46Z,2569,16086,215,0
2018-06-25T08:56:46Z,2570,18648,215,0
2018-06-25T08:56:46Z,2571,19571,215,0
2018-06-25T08:56:46Z,2572,21634,215,0
2018-06-25T08:56:25Z,2573,23497,215,0
2018-06-25T08:56:25Z,2574,25304,215,0
2018-06-25T08:56:25Z,2575,25931,215,0
2018-06-25T08:56:25Z,2576,30775,215,0
2018-06-25T08:56:25Z,2577,31041,215,0
2018-06-25T08:56:25Z,2578,31580,215,0
2018-06-25T08:56:25Z,2579,57108,215,0
2018-06-25T08:56:25Z,2580,4951,285,0
2018-06-25T08:56:25Z,2581,10942,355,0
2018-06-25T08:56:23Z,2582,23369,355,0
2018-06-25T08:56:23Z,2583,23767,430,0
2018-06-25T08:56:23Z,2584,26842,430,0
2018-06-25T08:56:23Z,2585,35533,430,0
2018-06-25T08:56:18Z,2586,35562,355,0
2018-06-25T08:56:18Z,2587,45359,355,0
2018-06-25T08:56:18Z,2588,47690,285,0
2018-06-25T08:56:18Z,2589,5470,145,0
2018-06-25T08:56:18Z,2590,5541,106,0
2018-06-25T08:56:18Z,2591,5925,107.5,0
2018-06-25T08:56:18Z,2592,6576,95,0
2018-06-25T08:56:13Z,2593,12066,95,0
2018-06-25T08:56:13Z,2594,15394,90,0
2018-06-25T08:56:13Z,2595,45527,90,0
2018-06-25T08:56:13Z,2596,49872,79.6,0
2018-06-25T08:56:13Z,2597,50770,85,0
2018-06-25T08:56:10Z,2598,57396,91.25,0
2018-06-25T08:56:09Z,2599,6448,82,0
2018-06-25T08:56:08Z,2600,7104,71.25,0
2018-06-25T08:56:08Z,2601,7252,83.75,0
2018-06-25T08:56:06Z,2602,8828,105,0
2018-06-25T08:56:06Z,2603,10242,123.75,0
2018-06-25T08:56:04Z,2604,10324,151.25,0
2018-06-25T08:56:00Z,2605,11197,165,0
2018-06-25T08:56:00Z,2606,12086,180,0
2018-06-25T08:55:55Z,2607,13074,206,0
2018-06-25T08:55:55Z,2608,14686,267.5,0
2018-06-25T08:55:52Z,2609,18011,212.5,0
2018-06-25T08:55:52Z,2610,19900,102,0
2018-06-25T08:55:52Z,2611,20047,91.25,0
2018-06-25T08:55:52Z,2612,20259,108.75,0
2018-06-25T08:55:42Z,2613,20459,110,0
2018-06-25T08:55:42Z,2614,21565,115.75,0
2018-06-25T08:55:42Z,2615,26101,109.1667,0
2018-06-25T08:55:42Z,2616,26267,127.5,0
2018-06-25T08:55:42Z,2617,27330,136.875,0
2018-06-25T08:55:42Z,2618,30929,136.25,0
2018-06-25T08:55:42Z,2619,34168,122.5,0
2018-06-25T08:55:41Z,2620,34921,86.25,0
2018-06-25T08:55:25Z,2621,36714,80.625,0
2018-06-25T08:55:25Z,2622,45179,85.3,0
2018-06-25T08:55:21Z,2623,45419,92.75,0
2018-06-25T08:55:21Z,2624,47965,131.25,0
2018-06-25T08:55:21Z,2625,48922,143.75,0
2018-06-25T08:55:21Z,2626,48995,148.75,0
2018-06-25T08:55:21Z,2627,4501,149,0
2018-06-25T08:55:17Z,2628,5210,174.5833,0
2018-06-25T08:55:17Z,2629,6842,206,0
2018-06-25T08:55:17Z,2630,9023,240,0
2018-06-25T08:55:16Z,2631,9927,232,0
2018-06-25T08:55:11Z,2632,11278,136.25,0
2018-06-25T08:55:11Z,2633,12745,130,0
2018-06-25T08:55:11Z,2634,14353,140,0
2018-06-25T08:55:11Z,2635,15073,153,0
2018-06-25T08:55:11Z,2636,16095,153.3333,0
2018-06-25T08:55:11Z,2637,16502,142.5,0
2018-06-25T08:55:09Z,2638,17293,173,0
2018-06-25T08:55:08Z,2639,18044,148.3333,0
